ts_event,symbol,side,action,depth,price,size
2024-10-21 11:54:29.221064336+00:00,AAPL,B,C,1,233.62,2
2024-10-21 11:54:29.223769812+00:00,AAPL,B,A,0,233.67,2
2024-10-21 11:54:29.225030400+00:00,AAPL,B,A,0,233.67,3
2024-10-21 11:54:29.712434212+00:00,AAPL,B,A,2,233.52,200
2024-10-21 11:54:29.764673165+00:00,AAPL,B,C,2,233.52,200
2024-10-21 11:54:29.764685027+00:00,AAPL,B,A,1,233.54,400
2024-10-21 11:54:36.289427977+00:00,AAPL,A,A,6,233.9,200
2024-10-21 11:54:37.990793976+00:00,AAPL,A,A,0,233.73,200
2024-10-21 11:54:39.124291588+00:00,AAPL,A,C,0,233.73,200
2024-10-21 11:54:39.134140341+00:00,AAPL,A,A,0,233.74,200
2024-10-21 11:54:41.233181043+00:00,AAPL,B,C,0,233.67,3
2024-10-21 11:54:41.234620509+00:00,AAPL,B,A,0,233.67,1
2024-10-21 11:54:41.235907431+00:00,AAPL,B,C,0,233.67,1
2024-10-21 11:54:41.235977207+00:00,AAPL,B,C,0,233.67,2
2024-10-21 11:54:41.238618235+00:00,AAPL,B,A,0,233.7,2
2024-10-21 11:54:41.239827037+00:00,AAPL,B,A,0,233.7,3
2024-10-21 11:54:50.970297264+00:00,AAPL,A,C,4,233.79,29
2024-10-21 11:54:50.970336474+00:00,AAPL,A,A,3,233.78,29
2024-10-21 11:54:53.247532557+00:00,AAPL,B,C,0,233.7,3
2024-10-21 11:54:53.248893986+00:00,AAPL,B,C,0,233.7,2
2024-10-21 11:54:53.251320969+00:00,AAPL,B,A,0,233.67,3
2024-10-21 11:54:53.252546517+00:00,AAPL,B,A,0,233.67,2
2024-10-21 11:54:55.503497741+00:00,AAPL,B,C,3,233.48,28
2024-10-21 11:54:55.503541005+00:00,AAPL,B,A,3,233.51,27
2024-10-21 11:54:55.551806996+00:00,AAPL,B,A,1,233.59,400
2024-10-21 11:54:58.132928650+00:00,AAPL,A,C,5,233.9,200
2024-10-21 11:54:58.133944065+00:00,AAPL,A,A,1,233.75,200
2024-10-21 11:55:09.125042325+00:00,AAPL,B,C,1,233.59,400
2024-10-21 11:55:09.125055670+00:00,AAPL,B,A,1,233.57,400
2024-10-21 11:55:09.160009889+00:00,AAPL,A,C,3,233.78,29
2024-10-21 11:55:09.160051447+00:00,AAPL,A,A,2,233.77,27
2024-10-21 11:55:13.899151539+00:00,AAPL,B,A,1,233.59,400
2024-10-21 11:55:22.016715475+00:00,AAPL,B,C,3,233.51,27
2024-10-21 11:55:22.060173668+00:00,AAPL,B,A,3,233.52,27
2024-10-21 11:55:22.132778490+00:00,AAPL,B,A,1,233.6,400
2024-10-21 11:55:26.447978801+00:00,AAPL,A,A,0,233.73,200
2024-10-21 11:55:30.365285173+00:00,AAPL,B,C,1,233.6,400
2024-10-21 11:55:30.365297270+00:00,AAPL,B,A,1,233.54,400
2024-10-21 11:55:30.377046532+00:00,AAPL,B,C,3,233.52,27
2024-10-21 11:55:30.377110788+00:00,AAPL,B,A,2,233.53,30
2024-10-21 11:55:30.509413271+00:00,AAPL,A,C,2,233.77,27
2024-10-21 11:55:30.509458075+00:00,AAPL,A,A,4,233.79,27
2024-10-21 11:55:30.559949308+00:00,AAPL,B,A,1,233.55,400
2024-10-21 11:55:31.194923125+00:00,AAPL,B,A,2,233.54,27
2024-10-21 11:55:31.195023714+00:00,AAPL,B,C,3,233.53,30
2024-10-21 11:55:34.079261198+00:00,AAPL,B,C,0,233.67,139
2024-10-21 11:55:35.302921978+00:00,AAPL,B,C,0,233.67,2
2024-10-21 11:55:35.303067914+00:00,AAPL,B,C,0,233.67,3
2024-10-21 11:55:35.304531207+00:00,AAPL,B,A,0,233.67,2
2024-10-21 11:55:35.305736838+00:00,AAPL,B,C,0,233.67,2
2024-10-21 11:55:35.374212373+00:00,AAPL,B,C,0,233.55,400
2024-10-21 11:55:35.374226300+00:00,AAPL,B,A,2,233.5,200
2024-10-21 11:55:38.243671650+00:00,AAPL,A,C,0,233.73,200
2024-10-21 11:55:38.243683612+00:00,AAPL,A,A,0,233.75,200
2024-10-21 11:55:38.298336797+00:00,AAPL,B,A,2,233.51,200
2024-10-21 11:55:38.572413983+00:00,AAPL,A,A,0,233.74,200
2024-10-21 11:55:44.733510979+00:00,AAPL,B,A,0,233.55,29
2024-10-21 11:55:44.791957886+00:00,AAPL,B,C,1,233.54,27
2024-10-21 11:55:51.293948230+00:00,AAPL,A,A,0,233.73,100
2024-10-21 11:55:51.294217665+00:00,AAPL,A,C,0,233.73,100
2024-10-21 11:55:51.365188500+00:00,AAPL,B,C,2,233.51,200
2024-10-21 11:55:51.401597368+00:00,AAPL,B,A,2,233.47,200
2024-10-21 11:55:53.213328704+00:00,AAPL,A,A,6,233.81,26
2024-10-21 11:55:53.213365167+00:00,AAPL,A,C,4,233.79,27
2024-10-21 11:55:54.691386316+00:00,AAPL,B,A,2,233.47,200
2024-10-21 11:55:54.691398035+00:00,AAPL,A,C,0,233.74,200
2024-10-21 11:55:54.691407713+00:00,AAPL,A,A,1,233.76,200
2024-10-21 11:55:54.745856609+00:00,AAPL,B,C,2,233.47,200
2024-10-21 11:55:54.745868744+00:00,AAPL,B,A,2,233.48,200
2024-10-21 11:55:54.762492206+00:00,AAPL,B,C,0,233.55,29
2024-10-21 11:55:54.762530320+00:00,AAPL,B,A,0,233.56,28
2024-10-21 11:55:55.306692496+00:00,AAPL,B,C,2,233.48,200
2024-10-21 11:55:55.306705027+00:00,AAPL,B,A,2,233.46,400
2024-10-21 11:55:55.361082355+00:00,AAPL,A,A,0,233.75,200
2024-10-21 11:55:55.706105479+00:00,AAPL,B,A,2,233.47,200
2024-10-21 11:55:58.151580102+00:00,AAPL,B,A,2,233.47,200
2024-10-21 11:56:07.493655598+00:00,AAPL,A,C,7,234.0,2
2024-10-21 11:56:10.953492365+00:00,AAPL,A,C,0,233.75,200
2024-10-21 11:56:10.953504236+00:00,AAPL,A,A,1,233.77,200
2024-10-21 11:56:11.008155483+00:00,AAPL,B,C,2,233.47,200
2024-10-21 11:56:11.008167451+00:00,AAPL,B,A,2,233.48,400
2024-10-21 11:56:11.038752302+00:00,AAPL,B,C,0,233.56,28
2024-10-21 11:56:11.038803026+00:00,AAPL,B,A,0,233.57,26
2024-10-21 11:56:14.982879375+00:00,AAPL,A,C,1,233.77,200
2024-10-21 11:56:14.982891924+00:00,AAPL,A,A,2,233.78,200
2024-10-21 11:56:15.036962807+00:00,AAPL,A,A,1,233.77,200
2024-10-21 11:56:15.039085832+00:00,AAPL,A,C,4,233.81,26
2024-10-21 11:56:15.039203352+00:00,AAPL,A,A,4,233.84,28
2024-10-21 11:56:17.922879284+00:00,AAPL,A,C,4,233.84,28
2024-10-21 11:56:17.922956219+00:00,AAPL,A,A,4,233.83,30
2024-10-21 11:56:23.203362495+00:00,AAPL,A,C,1,233.77,200
2024-10-21 11:56:23.203374367+00:00,AAPL,A,A,2,233.78,200
2024-10-21 11:56:23.230980890+00:00,AAPL,B,A,2,233.49,400
2024-10-21 11:56:23.259005865+00:00,AAPL,B,A,2,233.5,200
2024-10-21 11:56:23.260424017+00:00,AAPL,B,C,0,233.57,26
2024-10-21 11:56:23.260520532+00:00,AAPL,B,A,0,233.58,27
2024-10-21 11:56:24.985297090+00:00,AAPL,B,C,2,233.5,200
2024-10-21 11:56:24.985309618+00:00,AAPL,B,A,2,233.48,400
2024-10-21 11:56:25.053201827+00:00,AAPL,A,A,1,233.77,200
2024-10-21 11:56:29.970611371+00:00,AAPL,A,A,7,234.0,1
2024-10-21 11:56:34.567796323+00:00,AAPL,A,C,1,233.77,200
2024-10-21 11:56:34.567809267+00:00,AAPL,A,A,2,233.78,200
2024-10-21 11:56:34.623413180+00:00,AAPL,A,A,1,233.77,200
2024-10-21 11:56:42.272625996+00:00,AAPL,B,A,2,233.49,200
2024-10-21 11:56:43.878708550+00:00,AAPL,A,A,0,233.72,100
2024-10-21 11:56:43.878991240+00:00,AAPL,A,C,0,233.72,100
2024-10-21 11:56:47.448697059+00:00,AAPL,A,C,1,233.77,200
2024-10-21 11:56:47.557683879+00:00,AAPL,A,A,1,233.77,200
2024-10-21 11:56:51.014654312+00:00,AAPL,B,A,2,233.49,200
2024-10-21 11:56:51.014666179+00:00,AAPL,A,C,1,233.77,200
2024-10-21 11:56:51.014676787+00:00,AAPL,A,A,3,233.79,200
2024-10-21 11:56:55.866035650+00:00,AAPL,A,A,2,233.78,200
2024-10-21 11:57:04.890399029+00:00,AAPL,A,A,0,233.72,100
2024-10-21 11:57:04.890725062+00:00,AAPL,A,C,0,233.72,100
2024-10-21 11:57:06.458943234+00:00,AAPL,B,A,0,233.67,1
2024-10-21 11:57:06.459285665+00:00,AAPL,N,T,0,233.68,1
2024-10-21 11:57:07.554141976+00:00,AAPL,N,T,0,233.68,1
2024-10-21 11:57:08.621131954+00:00,AAPL,N,T,0,233.68,1
2024-10-21 11:57:10.160087903+00:00,AAPL,N,T,0,233.68,1
2024-10-21 11:57:14.110885099+00:00,AAPL,N,T,0,233.68,1
2024-10-21 11:57:14.837669309+00:00,AAPL,B,C,1,233.58,27
2024-10-21 11:57:14.894521785+00:00,AAPL,B,A,1,233.59,29
2024-10-21 11:57:15.098765695+00:00,AAPL,A,C,2,233.78,200
2024-10-21 11:57:15.098777532+00:00,AAPL,A,A,3,233.8,200
2024-10-21 11:57:15.158138746+00:00,AAPL,B,C,3,233.49,200
2024-10-21 11:57:15.158151037+00:00,AAPL,B,A,3,233.5,400
2024-10-21 11:57:15.238560230+00:00,AAPL,A,A,3,233.79,200
2024-10-21 11:57:15.426680348+00:00,AAPL,A,A,2,233.78,200
2024-10-21 11:57:15.993250474+00:00,AAPL,N,T,0,233.68,1
2024-10-21 11:57:17.249143876+00:00,AAPL,A,C,2,233.78,200
2024-10-21 11:57:17.249155657+00:00,AAPL,A,A,3,233.8,200
2024-10-21 11:57:17.304858834+00:00,AAPL,A,A,2,233.78,200
2024-10-21 11:57:17.495155713+00:00,AAPL,N,T,0,233.68,1
2024-10-21 11:57:20.112111433+00:00,AAPL,A,A,0,233.72,20
2024-10-21 11:57:22.737207625+00:00,AAPL,N,T,0,233.68,1
2024-10-21 11:57:23.434433631+00:00,AAPL,N,T,0,233.68,3
2024-10-21 11:57:23.522180556+00:00,AAPL,B,C,1,233.59,29
2024-10-21 11:57:23.522320812+00:00,AAPL,B,A,3,233.47,27
2024-10-21 11:57:23.575986228+00:00,AAPL,A,A,2,233.77,200
2024-10-21 11:57:23.893151634+00:00,AAPL,A,T,0,233.67,1
2024-10-21 11:57:23.893151634+00:00,AAPL,B,C,0,233.67,1
2024-10-21 11:57:23.893200066+00:00,AAPL,A,A,0,233.71,23
2024-10-21 11:57:23.964289822+00:00,AAPL,B,C,1,233.5,400
2024-10-21 11:57:23.964302478+00:00,AAPL,B,A,1,233.49,200
2024-10-21 11:57:23.993763323+00:00,AAPL,A,C,0,233.71,23
2024-10-21 11:57:25.745564633+00:00,AAPL,B,C,1,233.49,200
2024-10-21 11:57:25.813792371+00:00,AAPL,A,C,2,233.77,200
2024-10-21 11:57:25.852973172+00:00,AAPL,A,A,3,233.78,200
2024-10-21 11:57:25.862973670+00:00,AAPL,B,A,1,233.49,400
2024-10-21 11:57:25.868673528+00:00,AAPL,B,A,0,233.54,200
2024-10-21 11:57:26.000349886+00:00,AAPL,B,A,0,233.54,200
2024-10-21 11:57:28.039292565+00:00,AAPL,B,C,0,233.54,200
2024-10-21 11:57:28.039302990+00:00,AAPL,B,C,0,233.54,200
2024-10-21 11:57:28.039347712+00:00,AAPL,N,T,0,233.68,50
2024-10-21 11:57:28.153707091+00:00,AAPL,B,A,1,233.48,400
2024-10-21 11:57:28.163711748+00:00,AAPL,B,A,0,233.54,200
2024-10-21 11:57:28.163725884+00:00,AAPL,A,A,2,233.77,200
2024-10-21 11:57:29.331953680+00:00,AAPL,A,C,2,233.77,200
2024-10-21 11:57:29.331966683+00:00,AAPL,A,A,3,233.78,200
2024-10-21 11:57:30.995192991+00:00,AAPL,B,A,0,233.54,200
2024-10-21 11:57:31.496234971+00:00,AAPL,A,A,1,233.74,500
2024-10-21 11:57:36.264542456+00:00,AAPL,A,C,0,233.72,20
2024-10-21 11:57:36.267934826+00:00,AAPL,B,C,0,233.54,200
2024-10-21 11:57:37.887981490+00:00,AAPL,B,A,0,233.65,1
2024-10-21 11:57:38.016963535+00:00,AAPL,B,A,1,233.54,200
2024-10-21 11:57:40.885440558+00:00,AAPL,B,C,3,233.47,27
2024-10-21 11:57:40.885481569+00:00,AAPL,B,A,3,233.48,26
2024-10-21 11:57:41.319151873+00:00,AAPL,A,C,3,233.78,200
2024-10-21 11:57:41.319163898+00:00,AAPL,A,A,4,233.79,200
2024-10-21 11:57:41.375697228+00:00,AAPL,B,C,1,233.54,200
2024-10-21 11:57:41.375709324+00:00,AAPL,B,A,1,233.55,400
2024-10-21 11:57:41.965660865+00:00,AAPL,B,C,1,233.55,400
2024-10-21 11:57:42.074173420+00:00,AAPL,B,A,2,233.49,200
2024-10-21 11:57:42.169221771+00:00,AAPL,B,A,2,233.5,200
2024-10-21 11:57:42.207878969+00:00,AAPL,B,C,2,233.5,200
2024-10-21 11:57:42.313260974+00:00,AAPL,B,A,2,233.49,200
2024-10-21 11:57:42.380159117+00:00,AAPL,B,A,2,233.49,200
2024-10-21 11:57:42.412324426+00:00,AAPL,B,C,2,233.49,200
2024-10-21 11:57:42.412336614+00:00,AAPL,B,A,2,233.5,200
2024-10-21 11:57:48.072962640+00:00,AAPL,B,A,2,233.5,200
2024-10-21 11:57:48.072974095+00:00,AAPL,A,C,4,233.79,200
2024-10-21 11:57:48.072984615+00:00,AAPL,A,A,4,233.8,200
2024-10-21 11:57:48.076659157+00:00,AAPL,A,C,5,233.83,30
2024-10-21 11:57:48.076742621+00:00,AAPL,A,A,5,233.86,28
2024-10-21 11:57:48.136477014+00:00,AAPL,B,C,2,233.5,200
2024-10-21 11:57:48.136488492+00:00,AAPL,B,A,2,233.51,200
2024-10-21 11:57:48.194611663+00:00,AAPL,B,C,3,233.48,26
2024-10-21 11:57:48.194659897+00:00,AAPL,B,A,3,233.49,29
2024-10-21 11:57:51.070607242+00:00,AAPL,N,T,0,233.71,50
2024-10-21 11:57:51.271195500+00:00,AAPL,A,A,4,233.79,200
2024-10-21 11:57:51.287108312+00:00,AAPL,A,C,6,233.86,28
2024-10-21 11:57:51.287157718+00:00,AAPL,A,A,6,233.85,29
2024-10-21 11:57:51.322699915+00:00,AAPL,N,T,0,233.71,7
2024-10-21 11:57:52.317929239+00:00,AAPL,A,C,4,233.79,200
2024-10-21 11:57:52.317942384+00:00,AAPL,A,A,4,233.8,200
2024-10-21 11:57:58.266584280+00:00,AAPL,A,A,4,233.79,200
2024-10-21 11:58:06.284720780+00:00,AAPL,B,C,2,233.51,200
2024-10-21 11:58:06.284733562+00:00,AAPL,B,A,2,233.49,200
2024-10-21 11:58:06.339571308+00:00,AAPL,A,A,3,233.78,200
2024-10-21 11:58:06.359829740+00:00,AAPL,B,A,2,233.49,200
2024-10-21 11:58:06.360206541+00:00,AAPL,A,A,5,233.84,29
2024-10-21 11:58:06.360243785+00:00,AAPL,A,C,6,233.85,29
2024-10-21 11:58:06.414660818+00:00,AAPL,B,C,2,233.49,200
2024-10-21 11:58:06.414672832+00:00,AAPL,B,A,2,233.51,200
2024-10-21 11:58:14.036350634+00:00,AAPL,N,T,0,233.73,87
2024-10-21 11:58:14.036377136+00:00,AAPL,A,C,3,233.78,200
2024-10-21 11:58:14.144708873+00:00,AAPL,A,A,3,233.78,200
2024-10-21 11:58:18.578706483+00:00,AAPL,A,C,3,233.78,200
2024-10-21 11:58:18.578717695+00:00,AAPL,A,A,4,233.79,200
2024-10-21 11:58:18.649580622+00:00,AAPL,A,C,4,233.79,200
2024-10-21 11:58:18.666193529+00:00,AAPL,B,T,0,233.74,65
2024-10-21 11:58:18.666193529+00:00,AAPL,A,C,0,233.74,65
2024-10-21 11:58:18.721960191+00:00,AAPL,A,A,5,233.83,400
2024-10-21 11:58:18.722551669+00:00,AAPL,A,A,7,233.9,27
2024-10-21 11:58:18.722579315+00:00,AAPL,A,C,6,233.84,29
2024-10-21 11:58:18.733836431+00:00,AAPL,A,C,5,233.83,400
2024-10-21 11:58:18.771745684+00:00,AAPL,A,A,5,233.83,200
2024-10-21 11:58:19.574896952+00:00,AAPL,A,C,5,233.83,200
2024-10-21 11:58:19.574907103+00:00,AAPL,A,A,5,233.85,200
2024-10-21 11:58:19.604471701+00:00,AAPL,B,A,2,233.52,200
2024-10-21 11:58:19.632503658+00:00,AAPL,A,A,5,233.84,200
2024-10-21 11:58:21.722356897+00:00,AAPL,A,A,5,233.84,200
2024-10-21 11:58:21.794663862+00:00,AAPL,B,A,1,233.55,200
2024-10-21 11:58:32.993346096+00:00,AAPL,B,A,1,233.56,200
2024-10-21 11:58:37.947553299+00:00,AAPL,A,C,5,233.84,200
2024-10-21 11:58:37.947562931+00:00,AAPL,A,C,5,233.84,200
2024-10-21 11:58:37.947573917+00:00,AAPL,A,A,5,233.85,400
2024-10-21 11:58:40.491423845+00:00,AAPL,B,C,3,233.49,29
2024-10-21 11:58:40.491466764+00:00,AAPL,B,A,3,233.5,26
2024-10-21 11:58:50.556727313+00:00,AAPL,A,A,5,233.84,400
2024-10-21 11:58:53.131341094+00:00,AAPL,B,A,1,233.56,200
2024-10-21 11:58:53.954307531+00:00,AAPL,B,T,0,233.74,40
2024-10-21 11:58:53.954307531+00:00,AAPL,A,C,0,233.74,40
2024-10-21 11:58:53.954317948+00:00,AAPL,B,A,0,233.66,100
2024-10-21 11:58:53.954477659+00:00,AAPL,B,T,0,233.74,395
2024-10-21 11:58:53.954477659+00:00,AAPL,N,T,0,233.74,40
2024-10-21 11:58:53.954501480+00:00,AAPL,B,A,0,233.7,100
2024-10-21 11:58:53.954502815+00:00,AAPL,B,A,1,233.68,100
2024-10-21 11:58:53.954507571+00:00,AAPL,B,A,1,233.68,100
2024-10-21 11:58:53.954515456+00:00,AAPL,B,A,1,233.68,100
2024-10-21 11:58:53.954518683+00:00,AAPL,B,A,1,233.68,100
2024-10-21 11:58:53.954521070+00:00,AAPL,B,A,0,233.7,40
2024-10-21 11:58:53.954534910+00:00,AAPL,A,C,4,233.84,400
2024-10-21 11:58:53.954535707+00:00,AAPL,B,A,2,233.67,40
2024-10-21 11:58:53.954546864+00:00,AAPL,B,C,1,233.68,100
2024-10-21 11:58:53.954549208+00:00,AAPL,B,C,0,233.7,100
2024-10-21 11:58:53.954555754+00:00,AAPL,N,T,0,233.74,110
2024-10-21 11:58:53.954564591+00:00,AAPL,B,C,1,233.68,100
2024-10-21 11:58:53.954570870+00:00,AAPL,B,C,1,233.68,100
2024-10-21 11:58:53.954666995+00:00,AAPL,B,C,3,233.66,100
2024-10-21 11:58:53.954950395+00:00,AAPL,B,C,1,233.68,100
2024-10-21 11:58:54.013566047+00:00,AAPL,A,A,4,233.84,200
2024-10-21 11:58:54.013589130+00:00,AAPL,A,C,4,233.84,200
2024-10-21 11:58:54.021444014+00:00,AAPL,A,A,4,233.84,200
2024-10-21 11:58:54.043347922+00:00,AAPL,A,A,4,233.84,200
2024-10-21 11:58:54.063766628+00:00,AAPL,B,C,1,233.67,40
2024-10-21 11:58:54.213766156+00:00,AAPL,B,C,0,233.7,40
2024-10-21 11:58:58.704657287+00:00,AAPL,B,A,2,233.54,26
2024-10-21 11:58:58.704745556+00:00,AAPL,B,C,4,233.5,26
2024-10-21 11:58:58.758409305+00:00,AAPL,B,C,1,233.56,200
2024-10-21 11:58:58.758422757+00:00,AAPL,B,A,1,233.61,200
2024-10-21 11:58:58.912375357+00:00,AAPL,B,A,0,233.66,100
2024-10-21 11:58:58.912551174+00:00,AAPL,A,C,0,233.75,200
2024-10-21 11:58:58.912551174+00:00,AAPL,B,T,0,233.75,1
2024-10-21 11:58:58.912551174+00:00,AAPL,B,T,0,233.75,200
2024-10-21 11:58:58.912577219+00:00,AAPL,B,A,0,233.68,100
2024-10-21 11:58:58.912588388+00:00,AAPL,B,A,1,233.68,100
2024-10-21 11:58:58.912594900+00:00,AAPL,B,A,1,233.7,38
2024-10-21 11:58:58.912609151+00:00,AAPL,B,A,3,233.67,38
2024-10-21 11:58:58.912613899+00:00,AAPL,B,C,2,233.68,100
2024-10-21 11:58:58.912617614+00:00,AAPL,A,C,3,233.84,200
2024-10-21 11:58:58.912620981+00:00,AAPL,B,C,0,233.71,100
2024-10-21 11:58:58.912628049+00:00,AAPL,A,C,3,233.84,200
2024-10-21 11:58:58.912639087+00:00,AAPL,B,C,1,233.68,100
2024-10-21 11:58:58.912642543+00:00,AAPL,B,C,1,233.68,100
2024-10-21 11:58:58.912684059+00:00,AAPL,B,C,3,233.66,100
2024-10-21 11:58:58.912954809+00:00,AAPL,B,C,1,235.0,1000
2024-10-21 11:58:58.926466671+00:00,AAPL,A,A,3,233.85,200
2024-10-21 11:58:58.945466491+00:00,AAPL,A,A,3,233.85,200
2024-10-21 11:58:58.980196081+00:00,AAPL,A,C,3,233.85,200
2024-10-21 11:58:58.980205607+00:00,AAPL,A,C,3,233.85,200
2024-10-21 11:58:58.983388525+00:00,AAPL,B,C,3,233.61,200
2024-10-21 11:58:58.983400771+00:00,AAPL,B,A,3,233.56,400
2024-10-21 11:58:59.013763041+00:00,AAPL,B,C,1,233.67,38
2024-10-21 11:58:59.013823110+00:00,AAPL,A,A,3,233.85,200
2024-10-21 11:58:59.163763153+00:00,AAPL,B,C,0,233.7,38
2024-10-21 11:59:00.168228588+00:00,AAPL,B,C,2,233.54,26
2024-10-21 11:59:00.168269867+00:00,AAPL,B,A,2,233.55,30
2024-10-21 11:59:00.853830846+00:00,AAPL,A,A,3,233.84,200
2024-10-21 11:59:01.071525039+00:00,AAPL,B,C,1,233.56,400
2024-10-21 11:59:01.071537379+00:00,AAPL,B,A,2,233.54,400
2024-10-21 11:59:01.127333717+00:00,AAPL,A,A,3,233.83,200
2024-10-21 11:59:01.141872098+00:00,AAPL,A,C,3,233.83,200
2024-10-21 11:59:01.141884696+00:00,AAPL,A,A,3,233.89,400
2024-10-21 11:59:01.197001468+00:00,AAPL,B,A,1,233.55,400
2024-10-21 11:59:01.197013688+00:00,AAPL,A,A,3,233.84,200
2024-10-21 11:59:01.308608556+00:00,AAPL,A,A,3,233.83,200
2024-10-21 11:59:01.341702894+00:00,AAPL,B,C,1,233.55,30
2024-10-21 11:59:01.341757997+00:00,AAPL,B,A,2,233.53,27
2024-10-21 11:59:01.498729008+00:00,AAPL,B,A,1,233.59,200
2024-10-21 11:59:01.983695936+00:00,AAPL,B,A,1,233.59,200
2024-10-21 11:59:02.037392833+00:00,AAPL,B,C,1,233.59,200
2024-10-21 11:59:02.037405330+00:00,AAPL,B,A,1,233.6,200
2024-10-21 11:59:02.587275146+00:00,AAPL,B,A,1,233.61,200
2024-10-21 11:59:05.075636621+00:00,AAPL,A,C,3,233.83,200
2024-10-21 11:59:05.075648273+00:00,AAPL,A,A,3,233.85,200
2024-10-21 11:59:05.129969945+00:00,AAPL,B,A,1,233.62,200
2024-10-21 11:59:05.149534519+00:00,AAPL,B,C,2,233.53,27
2024-10-21 11:59:05.149624943+00:00,AAPL,B,A,2,233.54,27
2024-10-21 11:59:22.128191719+00:00,AAPL,B,C,1,233.62,200
2024-10-21 11:59:22.128203635+00:00,AAPL,B,A,1,233.6,200
2024-10-21 11:59:22.227115805+00:00,AAPL,B,A,1,233.61,200
2024-10-21 11:59:22.702793943+00:00,AAPL,B,C,1,233.61,200
2024-10-21 11:59:22.702805375+00:00,AAPL,B,A,1,233.59,200
2024-10-21 11:59:22.748399070+00:00,AAPL,A,A,3,233.84,200
2024-10-21 11:59:24.992210687+00:00,AAPL,A,A,3,233.84,200
2024-10-21 11:59:29.283276904+00:00,AAPL,A,C,3,233.84,200
2024-10-21 11:59:29.283287223+00:00,AAPL,A,C,3,233.84,200
2024-10-21 11:59:29.283298495+00:00,AAPL,A,A,3,233.89,400
2024-10-21 11:59:29.341806485+00:00,AAPL,A,A,3,233.88,400
2024-10-21 11:59:29.368105783+00:00,AAPL,A,A,3,233.83,400
2024-10-21 11:59:29.441553398+00:00,AAPL,A,A,4,233.89,28
2024-10-21 11:59:29.441648558+00:00,AAPL,A,C,5,233.9,27
2024-10-21 11:59:29.504292026+00:00,AAPL,B,A,1,233.59,200
2024-10-21 11:59:29.550327634+00:00,AAPL,B,C,1,233.59,200
2024-10-21 11:59:29.550340581+00:00,AAPL,B,A,1,233.6,200
2024-10-21 11:59:30.102712999+00:00,AAPL,B,T,0,233.77,8
2024-10-21 11:59:30.102712999+00:00,AAPL,A,C,0,233.77,8
2024-10-21 11:59:30.102735583+00:00,AAPL,B,A,0,233.68,100
2024-10-21 11:59:30.102746947+00:00,AAPL,B,A,0,233.68,100
2024-10-21 11:59:30.102753002+00:00,AAPL,B,A,0,233.71,23
2024-10-21 11:59:30.102766235+00:00,AAPL,B,A,2,233.67,23
2024-10-21 11:59:30.102781049+00:00,AAPL,B,C,1,233.68,100
2024-10-21 11:59:30.102784354+00:00,AAPL,B,C,1,233.68,100
2024-10-21 11:59:30.166940785+00:00,AAPL,A,C,2,233.83,200
2024-10-21 11:59:30.203764599+00:00,AAPL,B,C,1,233.67,23
2024-10-21 11:59:30.353763576+00:00,AAPL,B,C,0,233.71,23
2024-10-21 11:59:33.214948750+00:00,AAPL,B,A,1,233.6,200
2024-10-21 11:59:33.268596579+00:00,AAPL,B,C,1,233.6,200
2024-10-21 11:59:40.586082406+00:00,AAPL,B,A,0,233.77,1
2024-10-21 11:59:40.711462280+00:00,AAPL,B,C,0,233.77,1
2024-10-21 11:59:40.711462280+00:00,AAPL,A,T,0,233.77,1
2024-10-21 11:59:44.915756078+00:00,AAPL,B,A,1,233.61,200
2024-10-21 11:59:56.140334654+00:00,AAPL,B,C,1,233.61,200
2024-10-21 11:59:56.140348516+00:00,AAPL,B,A,1,233.59,200
2024-10-21 11:59:56.303825659+00:00,AAPL,A,C,2,233.83,200
2024-10-21 11:59:56.303838548+00:00,AAPL,A,A,2,233.85,200
2024-10-21 11:59:56.366678187+00:00,AAPL,A,A,2,233.84,200
2024-10-21 11:59:56.374323675+00:00,AAPL,A,C,3,233.89,28
2024-10-21 11:59:56.374379339+00:00,AAPL,A,A,3,233.92,27
2024-10-21 11:59:57.076259289+00:00,AAPL,A,C,3,233.92,27
2024-10-21 11:59:57.076314960+00:00,AAPL,A,A,3,233.91,26
2024-10-21 11:59:57.121796841+00:00,AAPL,B,A,1,233.61,200
2024-10-21 11:59:58.069271668+00:00,AAPL,B,C,1,233.61,200
2024-10-21 11:59:58.069284093+00:00,AAPL,B,A,1,233.59,200
2024-10-21 12:00:01.682008523+00:00,AAPL,A,C,3,233.91,26
2024-10-21 12:00:01.682052966+00:00,AAPL,A,A,3,233.9,26
2024-10-21 12:00:01.884638806+00:00,AAPL,B,A,1,233.61,200
2024-10-21 12:00:02.064285089+00:00,AAPL,B,C,1,233.61,200
2024-10-21 12:00:02.160356498+00:00,AAPL,B,C,1,233.54,27
2024-10-21 12:00:02.160444679+00:00,AAPL,B,A,2,233.49,26
2024-10-21 12:00:02.178747608+00:00,AAPL,B,A,3,233.48,400
2024-10-21 12:00:02.219875510+00:00,AAPL,B,A,1,233.56,200
2024-10-21 12:00:02.605471012+00:00,AAPL,A,A,2,233.84,200
2024-10-21 12:00:02.834037742+00:00,AAPL,B,A,1,233.56,200
2024-10-21 12:00:03.047639596+00:00,AAPL,B,C,1,233.56,200
2024-10-21 12:00:03.047650452+00:00,AAPL,B,C,1,233.56,200
2024-10-21 12:00:03.057465668+00:00,AAPL,B,A,1,233.55,200
2024-10-21 12:00:03.060752951+00:00,AAPL,B,C,1,233.55,200
2024-10-21 12:00:03.162897564+00:00,AAPL,B,A,1,233.55,400
2024-10-21 12:00:03.902053598+00:00,AAPL,B,A,1,233.56,400
2024-10-21 12:00:04.046818528+00:00,AAPL,B,C,1,233.56,400
2024-10-21 12:00:04.147280360+00:00,AAPL,B,A,1,233.56,400
2024-10-21 12:00:06.012108650+00:00,AAPL,B,C,1,233.56,400
2024-10-21 12:00:06.012122140+00:00,AAPL,B,A,2,233.52,200
2024-10-21 12:00:06.101295300+00:00,AAPL,B,C,2,233.52,200
2024-10-21 12:00:06.101307454+00:00,AAPL,B,A,2,233.5,400
2024-10-21 12:00:07.067376608+00:00,AAPL,A,T,0,233.65,1
2024-10-21 12:00:07.067376608+00:00,AAPL,B,C,0,233.65,1
2024-10-21 12:00:07.067419673+00:00,AAPL,A,A,0,233.72,19
2024-10-21 12:00:07.067421371+00:00,AAPL,B,C,1,233.5,200
2024-10-21 12:00:07.067467022+00:00,AAPL,A,A,1,233.76,19
2024-10-21 12:00:07.086677914+00:00,AAPL,B,A,1,233.5,200
2024-10-21 12:00:07.088999005+00:00,AAPL,B,C,1,233.5,200
2024-10-21 12:00:07.089009480+00:00,AAPL,B,C,1,233.5,200
2024-10-21 12:00:07.149589050+00:00,AAPL,B,C,1,233.49,26
2024-10-21 12:00:07.149680427+00:00,AAPL,B,A,2,233.43,29
2024-10-21 12:00:07.173766393+00:00,AAPL,A,C,1,233.76,19
2024-10-21 12:00:07.190951663+00:00,AAPL,B,A,2,233.44,200
2024-10-21 12:00:07.323764357+00:00,AAPL,A,C,0,233.72,19
2024-10-21 12:00:07.337509459+00:00,AAPL,B,A,2,233.44,200
2024-10-21 12:00:07.338114020+00:00,AAPL,B,C,2,233.44,200
2024-10-21 12:00:07.646720038+00:00,AAPL,N,T,0,233.66,38
2024-10-21 12:00:07.956169614+00:00,AAPL,B,A,2,233.44,200
2024-10-21 12:00:07.965852395+00:00,AAPL,A,C,2,233.84,200
2024-10-21 12:00:07.965864571+00:00,AAPL,A,A,2,233.83,400
2024-10-21 12:00:08.010134216+00:00,AAPL,B,C,2,233.44,200
2024-10-21 12:00:08.010145977+00:00,AAPL,B,A,1,233.45,200
2024-10-21 12:00:08.944714285+00:00,AAPL,A,C,3,233.9,26
2024-10-21 12:00:08.944755705+00:00,AAPL,A,A,3,233.89,27
2024-10-21 12:00:11.760000282+00:00,AAPL,B,A,1,233.46,200
2024-10-21 12:00:14.055732875+00:00,AAPL,B,C,1,233.46,200
2024-10-21 12:00:14.158979266+00:00,AAPL,B,A,1,233.45,200
2024-10-21 12:00:14.450532708+00:00,AAPL,N,T,0,233.65,38
2024-10-21 12:00:15.203702787+00:00,AAPL,N,T,0,233.66,38
2024-10-21 12:00:15.819869942+00:00,AAPL,B,C,1,233.45,200
2024-10-21 12:00:15.819882720+00:00,AAPL,B,A,2,233.43,200
2024-10-21 12:00:15.838554673+00:00,AAPL,A,A,2,233.82,400
2024-10-21 12:00:15.866578232+00:00,AAPL,B,C,2,233.43,29
2024-10-21 12:00:15.866633819+00:00,AAPL,B,A,3,233.41,26
2024-10-21 12:00:15.951171652+00:00,AAPL,A,C,3,233.89,27
2024-10-21 12:00:15.951251227+00:00,AAPL,A,A,3,233.88,27
2024-10-21 12:00:16.054719712+00:00,AAPL,B,C,2,233.43,200
2024-10-21 12:00:16.157998016+00:00,AAPL,B,A,2,233.43,200
2024-10-21 12:00:16.338916301+00:00,AAPL,B,A,2,233.43,200
2024-10-21 12:00:16.393554950+00:00,AAPL,B,C,2,233.43,200
2024-10-21 12:00:16.393566799+00:00,AAPL,B,A,2,233.44,200
2024-10-21 12:00:30.257881806+00:00,AAPL,B,A,1,233.45,200
2024-10-21 12:00:31.949871042+00:00,AAPL,B,C,1,233.45,200
2024-10-21 12:00:31.949883226+00:00,AAPL,B,A,2,233.44,200
2024-10-21 12:00:34.385769828+00:00,AAPL,B,A,1,233.45,200
2024-10-21 12:00:34.427987983+00:00,AAPL,B,C,2,233.41,26
2024-10-21 12:00:34.428063663+00:00,AAPL,B,A,2,233.42,28
2024-10-21 12:00:35.519789038+00:00,AAPL,B,C,1,233.45,200
2024-10-21 12:00:35.519800735+00:00,AAPL,B,A,2,233.44,200
2024-10-21 12:00:40.233143021+00:00,AAPL,A,A,2,233.81,400
2024-10-21 12:00:40.246039339+00:00,AAPL,B,C,2,233.44,200
2024-10-21 12:00:40.246051577+00:00,AAPL,B,A,2,233.42,200
2024-10-21 12:00:40.301104866+00:00,AAPL,A,A,1,233.8,400
2024-10-21 12:00:40.317525489+00:00,AAPL,B,C,2,233.42,28
2024-10-21 12:00:40.317579213+00:00,AAPL,B,A,3,233.4,29
2024-10-21 12:00:40.436754233+00:00,AAPL,A,C,2,233.88,27
2024-10-21 12:00:40.436793684+00:00,AAPL,A,A,2,233.87,30
2024-10-21 12:00:51.186556234+00:00,AAPL,B,A,0,233.58,500
2024-10-21 12:00:51.249667336+00:00,AAPL,A,A,0,233.74,1
2024-10-21 12:00:51.987589245+00:00,AAPL,B,A,3,233.42,200
2024-10-21 12:00:51.987648731+00:00,AAPL,A,C,2,233.8,200
2024-10-21 12:00:51.988166858+00:00,AAPL,B,C,4,233.4,29
2024-10-21 12:00:51.988248573+00:00,AAPL,B,A,2,233.45,26
2024-10-21 12:00:52.042752970+00:00,AAPL,B,C,3,233.42,200
2024-10-21 12:00:52.042765437+00:00,AAPL,B,A,2,233.49,200
2024-10-21 12:00:53.989325211+00:00,AAPL,B,C,2,233.49,200
2024-10-21 12:00:53.989336874+00:00,AAPL,B,A,2,233.47,400
2024-10-21 12:00:53.998541135+00:00,AAPL,B,C,3,233.45,26
2024-10-21 12:00:53.998594585+00:00,AAPL,B,A,5,233.39,27
2024-10-21 12:00:57.883000+00:00,AAPL,B,C,5,233.39,27
2024-10-21 12:00:57.883056751+00:00,AAPL,B,A,4,233.4,27
2024-10-21 12:00:58.996621223+00:00,AAPL,B,C,2,233.47,400
2024-10-21 12:00:58.996633732+00:00,AAPL,B,A,2,233.45,400
2024-10-21 12:01:00.317542037+00:00,AAPL,B,C,2,233.45,200
2024-10-21 12:01:01.594618675+00:00,AAPL,B,A,2,233.45,200
2024-10-21 12:01:02.481414409+00:00,AAPL,B,C,2,233.45,200
2024-10-21 12:01:02.481427194+00:00,AAPL,B,A,2,233.47,400
2024-10-21 12:01:02.481437815+00:00,AAPL,A,C,2,233.8,200
2024-10-21 12:01:02.481449719+00:00,AAPL,A,A,3,233.82,200
2024-10-21 12:01:02.537411197+00:00,AAPL,A,A,3,233.81,200
2024-10-21 12:01:02.855205010+00:00,AAPL,B,A,2,233.48,400
2024-10-21 12:01:04.580232646+00:00,AAPL,B,C,2,233.48,400
2024-10-21 12:01:04.580244325+00:00,AAPL,B,A,2,233.46,400
2024-10-21 12:01:04.634702173+00:00,AAPL,A,A,2,233.79,200
2024-10-21 12:01:04.658981181+00:00,AAPL,A,C,4,233.87,30
2024-10-21 12:01:04.659042935+00:00,AAPL,A,A,4,233.86,30
2024-10-21 12:01:04.741629959+00:00,AAPL,B,C,2,233.46,400
2024-10-21 12:01:04.741641481+00:00,AAPL,B,A,2,233.45,400
2024-10-21 12:01:04.804426665+00:00,AAPL,A,A,1,233.78,200
2024-10-21 12:01:04.818909404+00:00,AAPL,B,C,3,233.4,27
2024-10-21 12:01:04.818994775+00:00,AAPL,B,A,5,233.37,28
2024-10-21 12:01:04.857007035+00:00,AAPL,B,A,2,233.5,400
2024-10-21 12:01:05.922932529+00:00,AAPL,A,C,3,233.86,30
2024-10-21 12:01:05.922966254+00:00,AAPL,B,C,6,233.37,28
2024-10-21 12:01:05.923028260+00:00,AAPL,A,A,3,233.85,29
2024-10-21 12:01:05.923061114+00:00,AAPL,B,A,4,233.42,30
2024-10-21 12:01:06.781424093+00:00,AAPL,B,C,2,233.5,400
2024-10-21 12:01:06.781437182+00:00,AAPL,B,A,2,233.46,200
2024-10-21 12:01:07.185212354+00:00,AAPL,B,C,2,233.46,200
2024-10-21 12:01:07.185224829+00:00,AAPL,B,A,2,233.45,400
2024-10-21 12:01:07.565767784+00:00,AAPL,B,A,2,233.46,400
2024-10-21 12:01:07.595799579+00:00,AAPL,B,C,4,233.42,30
2024-10-21 12:01:07.595852119+00:00,AAPL,B,A,4,233.43,29
2024-10-21 12:01:09.437841151+00:00,AAPL,B,A,0,233.59,1
2024-10-21 12:01:11.781701764+00:00,AAPL,B,C,3,233.46,400
2024-10-21 12:01:11.781713240+00:00,AAPL,B,A,3,233.45,400
2024-10-21 12:01:13.838979517+00:00,AAPL,B,C,4,233.43,29
2024-10-21 12:01:13.839070933+00:00,AAPL,B,A,4,233.44,28
2024-10-21 12:01:33.939295458+00:00,AAPL,B,A,3,233.5,400
2024-10-21 12:01:35.962900590+00:00,AAPL,A,A,1,233.78,200
2024-10-21 12:01:35.963468384+00:00,AAPL,A,A,2,233.8,28
2024-10-21 12:01:35.963501831+00:00,AAPL,A,C,3,233.85,29
2024-10-21 12:01:36.017994443+00:00,AAPL,A,C,1,233.78,200
2024-10-21 12:01:36.018008103+00:00,AAPL,A,A,0,233.74,200
2024-10-21 12:01:37.328372588+00:00,AAPL,A,A,2,233.79,28
2024-10-21 12:01:37.328448858+00:00,AAPL,A,A,0,233.73,200
2024-10-21 12:01:37.328482738+00:00,AAPL,A,C,4,233.8,28
2024-10-21 12:01:37.359224760+00:00,AAPL,B,C,5,233.44,28
2024-10-21 12:01:37.359337685+00:00,AAPL,B,A,5,233.42,29
2024-10-21 12:01:37.396952090+00:00,AAPL,B,A,3,233.51,200
2024-10-21 12:01:37.923006207+00:00,AAPL,A,C,3,233.79,28
2024-10-21 12:01:37.923035401+00:00,AAPL,B,C,5,233.42,29
2024-10-21 12:01:37.923099010+00:00,AAPL,B,A,4,233.47,27
2024-10-21 12:01:37.923141688+00:00,AAPL,A,A,2,233.78,28
2024-10-21 12:01:42.535186906+00:00,AAPL,A,C,0,233.73,200
2024-10-21 12:01:42.535199542+00:00,AAPL,A,A,1,233.77,200
2024-10-21 12:01:42.538298989+00:00,AAPL,A,C,2,233.78,28
2024-10-21 12:01:42.538396440+00:00,AAPL,A,A,4,233.84,28
2024-10-21 12:01:44.767942496+00:00,AAPL,B,A,3,233.52,200
2024-10-21 12:01:44.773272494+00:00,AAPL,B,C,4,233.47,27
2024-10-21 12:01:44.773315201+00:00,AAPL,B,A,4,233.48,26
2024-10-21 12:01:46.087712989+00:00,AAPL,B,A,0,233.6,100
2024-10-21 12:01:46.088087887+00:00,AAPL,B,C,0,233.6,100
2024-10-21 12:01:48.662449384+00:00,AAPL,B,C,3,233.52,200
2024-10-21 12:01:48.662461832+00:00,AAPL,B,A,3,233.5,400
2024-10-21 12:01:48.663006081+00:00,AAPL,B,C,4,233.48,26
2024-10-21 12:01:48.663060459+00:00,AAPL,B,A,5,233.42,30
2024-10-21 12:01:50.803408210+00:00,AAPL,B,C,5,233.42,30
2024-10-21 12:01:50.803449763+00:00,AAPL,B,A,5,233.43,28
2024-10-21 12:01:59.276468415+00:00,AAPL,B,C,0,233.59,1
2024-10-21 12:01:59.277562747+00:00,AAPL,B,A,0,233.6,1
2024-10-21 12:02:01.448038651+00:00,AAPL,A,C,0,233.74,1
2024-10-21 12:02:05.406537956+00:00,AAPL,A,C,0,233.77,200
2024-10-21 12:02:05.406550192+00:00,AAPL,A,A,1,233.79,200
2024-10-21 12:02:05.521390954+00:00,AAPL,A,A,0,233.78,200
2024-10-21 12:02:07.782798949+00:00,AAPL,A,A,0,233.77,200
2024-10-21 12:02:17.703470063+00:00,AAPL,A,C,0,233.77,200
2024-10-21 12:02:17.703482613+00:00,AAPL,A,A,1,233.79,200
2024-10-21 12:02:17.758071973+00:00,AAPL,B,A,3,233.51,400
2024-10-21 12:02:17.837786779+00:00,AAPL,A,A,1,233.79,200
2024-10-21 12:02:18.878119302+00:00,AAPL,B,C,5,233.43,28
2024-10-21 12:02:18.878154633+00:00,AAPL,A,A,4,233.86,29
2024-10-21 12:02:18.939543004+00:00,AAPL,A,C,3,233.84,28
2024-10-21 12:02:30.307162147+00:00,AAPL,B,A,5,233.43,29
2024-10-21 12:02:44.176288366+00:00,AAPL,B,A,0,233.6,100
2024-10-21 12:02:44.176621537+00:00,AAPL,B,C,0,233.6,100
2024-10-21 12:02:48.812722097+00:00,AAPL,B,C,0,233.6,1
2024-10-21 12:02:48.883865862+00:00,AAPL,B,C,2,233.51,400
2024-10-21 12:02:48.883880917+00:00,AAPL,B,A,2,233.48,200
2024-10-21 12:02:49.759332649+00:00,AAPL,B,A,2,233.51,200
2024-10-21 12:02:54.518612296+00:00,AAPL,A,C,1,233.79,200
2024-10-21 12:02:54.518624596+00:00,AAPL,A,A,0,233.78,400
2024-10-21 12:02:54.523940080+00:00,AAPL,A,A,2,233.85,26
2024-10-21 12:02:54.524017462+00:00,AAPL,A,C,3,233.86,29
2024-10-21 12:02:56.706628033+00:00,AAPL,B,C,2,233.51,200
2024-10-21 12:02:56.706639645+00:00,AAPL,B,A,2,233.49,200
2024-10-21 12:02:56.761416724+00:00,AAPL,A,A,0,233.77,200
2024-10-21 12:02:56.763029737+00:00,AAPL,B,A,2,233.49,200
2024-10-21 12:02:56.828592562+00:00,AAPL,A,A,3,233.84,29
2024-10-21 12:02:56.828630121+00:00,AAPL,A,C,4,233.85,26
2024-10-21 12:02:58.875085988+00:00,AAPL,B,C,2,233.49,200
2024-10-21 12:02:58.875097976+00:00,AAPL,B,A,2,233.5,400
2024-10-21 12:02:59.629692844+00:00,AAPL,B,C,2,233.5,400
2024-10-21 12:02:59.629704420+00:00,AAPL,B,A,2,233.49,400
2024-10-21 12:03:04.465116162+00:00,AAPL,B,A,2,233.5,400
2024-10-21 12:03:23.013257512+00:00,AAPL,B,C,2,233.5,400
2024-10-21 12:03:23.013270046+00:00,AAPL,B,A,2,233.48,400
2024-10-21 12:03:36.462240600+00:00,AAPL,A,A,0,233.76,200
2024-10-21 12:03:36.477257436+00:00,AAPL,B,A,5,233.4,28
2024-10-21 12:03:36.477483536+00:00,AAPL,B,C,4,233.43,29
2024-10-21 12:03:36.477526397+00:00,AAPL,A,C,3,233.84,29
2024-10-21 12:03:36.477570977+00:00,AAPL,A,A,3,233.83,27
2024-10-21 12:03:37.922916443+00:00,AAPL,A,C,3,233.83,27
2024-10-21 12:03:37.922990125+00:00,AAPL,A,A,3,233.82,27
2024-10-21 12:03:38.391113474+00:00,AAPL,B,A,0,233.66,1
2024-10-21 12:03:38.520085682+00:00,AAPL,B,A,5,233.41,27
2024-10-21 12:03:38.520115737+00:00,AAPL,B,C,6,233.4,28
2024-10-21 12:03:55.424131689+00:00,AAPL,B,C,5,233.41,27
2024-10-21 12:03:55.424188038+00:00,AAPL,B,A,5,233.42,30
2024-10-21 12:03:55.618218602+00:00,AAPL,A,C,0,233.76,200
2024-10-21 12:03:55.618231402+00:00,AAPL,A,A,0,233.78,200
2024-10-21 12:03:55.674377683+00:00,AAPL,B,A,3,233.49,400
2024-10-21 12:03:55.688445687+00:00,AAPL,A,C,2,233.82,27
2024-10-21 12:03:55.688489469+00:00,AAPL,A,A,2,233.85,27
2024-10-21 12:03:55.728447009+00:00,AAPL,A,A,0,233.77,200
2024-10-21 12:03:56.332225034+00:00,AAPL,B,C,5,233.42,30
2024-10-21 12:03:56.332253646+00:00,AAPL,A,C,3,233.85,27
2024-10-21 12:03:56.332311467+00:00,AAPL,A,A,3,233.84,27
2024-10-21 12:03:56.332342495+00:00,AAPL,B,A,4,233.47,30
2024-10-21 12:03:56.388992803+00:00,AAPL,B,A,2,233.57,200
2024-10-21 12:03:56.896105724+00:00,AAPL,B,C,4,233.47,30
2024-10-21 12:03:56.896208906+00:00,AAPL,B,A,4,233.52,28
2024-10-21 12:04:00.333416396+00:00,AAPL,B,A,1,233.58,200
2024-10-21 12:04:00.453606564+00:00,AAPL,B,A,2,233.53,27
2024-10-21 12:04:00.453632315+00:00,AAPL,B,C,3,233.52,28
2024-10-21 12:04:01.301464181+00:00,AAPL,B,A,1,233.65,18
2024-10-21 12:04:01.372206492+00:00,AAPL,B,C,2,233.58,200
2024-10-21 12:04:01.372219216+00:00,AAPL,B,A,3,233.55,400
2024-10-21 12:04:01.372796891+00:00,AAPL,B,C,4,233.53,27
2024-10-21 12:04:01.644457609+00:00,AAPL,B,A,2,233.58,200
2024-10-21 12:04:05.632550110+00:00,AAPL,B,A,3,233.53,26
2024-10-21 12:04:12.155049282+00:00,AAPL,A,C,0,233.77,200
2024-10-21 12:04:12.156256239+00:00,AAPL,N,T,0,233.72,38
2024-10-21 12:04:12.260774944+00:00,AAPL,A,A,2,233.82,200
2024-10-21 12:04:16.430845992+00:00,AAPL,A,A,2,233.82,200
2024-10-21 12:04:16.499853888+00:00,AAPL,B,C,2,233.58,200
2024-10-21 12:04:16.509417925+00:00,AAPL,B,A,3,233.57,200
2024-10-21 12:04:19.069602567+00:00,AAPL,B,C,3,233.57,200
2024-10-21 12:04:19.069614798+00:00,AAPL,B,A,3,233.54,400
2024-10-21 12:04:19.070597243+00:00,AAPL,B,C,4,233.53,26
2024-10-21 12:04:19.070641181+00:00,AAPL,B,A,5,233.47,28
2024-10-21 12:04:19.474987580+00:00,AAPL,B,A,3,233.57,200
2024-10-21 12:04:19.884911653+00:00,AAPL,B,C,5,233.47,28
2024-10-21 12:04:19.885049397+00:00,AAPL,B,A,5,233.52,29
2024-10-21 12:04:26.481060587+00:00,AAPL,B,C,3,233.57,200
2024-10-21 12:04:26.481072450+00:00,AAPL,B,A,3,233.56,200
2024-10-21 12:04:26.535918353+00:00,AAPL,A,C,2,233.82,200
2024-10-21 12:04:26.535930308+00:00,AAPL,A,A,2,233.81,400
2024-10-21 12:04:26.555072803+00:00,AAPL,A,C,3,233.84,27
2024-10-21 12:04:26.555132343+00:00,AAPL,A,A,3,233.83,30
2024-10-21 12:04:26.566152901+00:00,AAPL,B,A,3,233.56,200
2024-10-21 12:04:26.621148067+00:00,AAPL,B,C,3,233.56,200
2024-10-21 12:04:26.621160396+00:00,AAPL,B,A,2,233.58,400
2024-10-21 12:04:27.723319849+00:00,AAPL,B,A,2,233.59,400
2024-10-21 12:04:27.735053874+00:00,AAPL,B,C,2,233.59,400
2024-10-21 12:04:27.735066380+00:00,AAPL,B,A,3,233.57,200
2024-10-21 12:04:40.612532228+00:00,AAPL,A,A,8,234.15,50
2024-10-21 12:04:47.058697813+00:00,AAPL,A,A,0,233.72,3
2024-10-21 12:04:51.210492220+00:00,AAPL,A,C,3,233.81,400
2024-10-21 12:04:51.210504256+00:00,AAPL,A,A,3,233.83,400
2024-10-21 12:04:51.271373633+00:00,AAPL,B,C,5,233.52,29
2024-10-21 12:04:51.271438407+00:00,AAPL,B,A,4,233.53,27
2024-10-21 12:04:51.271510236+00:00,AAPL,A,A,3,233.82,200
2024-10-21 12:04:51.316443773+00:00,AAPL,A,A,3,233.82,200
2024-10-21 12:04:54.735741554+00:00,AAPL,B,A,2,233.58,5
2024-10-21 12:05:01.936493423+00:00,AAPL,A,C,3,233.82,200
2024-10-21 12:05:01.936505877+00:00,AAPL,A,A,1,233.77,200
2024-10-21 12:05:05.090737406+00:00,AAPL,A,C,9,234.15,50
2024-10-21 12:05:15.858212657+00:00,AAPL,A,C,1,233.77,200
2024-10-21 12:05:15.858226719+00:00,AAPL,A,A,3,233.82,200
2024-10-21 12:05:18.858600266+00:00,AAPL,A,A,3,233.82,200
2024-10-21 12:05:27.769244591+00:00,AAPL,B,T,0,233.72,3
2024-10-21 12:05:27.769244591+00:00,AAPL,A,C,0,233.72,3
2024-10-21 12:05:27.769266569+00:00,AAPL,B,A,0,233.68,100
2024-10-21 12:05:27.769279547+00:00,AAPL,B,A,0,233.68,100
2024-10-21 12:05:27.769282701+00:00,AAPL,B,A,1,233.67,13
2024-10-21 12:05:27.769319506+00:00,AAPL,B,C,0,233.68,100
2024-10-21 12:05:27.769383987+00:00,AAPL,B,C,0,233.68,100
2024-10-21 12:05:27.870580890+00:00,AAPL,B,C,0,233.67,13
2024-10-21 12:05:30.107740673+00:00,AAPL,B,A,0,233.7,1200
2024-10-21 12:05:35.113109625+00:00,AAPL,B,C,4,233.57,200
2024-10-21 12:05:35.113122799+00:00,AAPL,B,A,5,233.52,400
2024-10-21 12:05:40.025196163+00:00,AAPL,A,C,2,233.82,200
2024-10-21 12:05:40.028003470+00:00,AAPL,B,T,0,233.78,50
2024-10-21 12:05:40.028003470+00:00,AAPL,B,T,0,233.78,100
2024-10-21 12:05:40.028006695+00:00,AAPL,N,C,0,233.82,200
2024-10-21 12:05:40.028030027+00:00,AAPL,B,A,1,233.74,100
2024-10-21 12:05:40.028032659+00:00,AAPL,B,A,2,233.72,100
2024-10-21 12:05:40.028041901+00:00,AAPL,B,A,2,233.72,100
2024-10-21 12:05:40.028043931+00:00,AAPL,B,A,1,233.74,100
2024-10-21 12:05:40.028048443+00:00,AAPL,B,A,1,233.74,32
2024-10-21 12:05:40.028054971+00:00,AAPL,B,A,2,233.72,100
2024-10-21 12:05:40.028063174+00:00,AAPL,B,A,3,233.71,32
2024-10-21 12:05:40.028066207+00:00,AAPL,B,C,1,233.74,100
2024-10-21 12:05:40.028077104+00:00,AAPL,B,C,1,233.74,100
2024-10-21 12:05:40.028094970+00:00,AAPL,B,T,0,233.8,25
2024-10-21 12:05:40.028094970+00:00,AAPL,A,C,0,233.8,25
2024-10-21 12:05:40.028097758+00:00,AAPL,B,A,4,233.7,100
2024-10-21 12:05:40.028115361+00:00,AAPL,B,A,0,233.79,100
2024-10-21 12:05:40.028121192+00:00,AAPL,B,A,5,233.7,100
2024-10-21 12:05:40.028128644+00:00,AAPL,B,C,3,233.72,100
2024-10-21 12:05:40.028156649+00:00,AAPL,B,C,3,233.72,100
2024-10-21 12:05:40.028365786+00:00,AAPL,B,C,0,233.79,100
2024-10-21 12:05:40.028429209+00:00,AAPL,B,C,2,233.72,100
2024-10-21 12:05:40.028485091+00:00,AAPL,B,C,3,233.7,100
2024-10-21 12:05:40.028584035+00:00,AAPL,B,C,3,233.7,100
2024-10-21 12:05:40.055564914+00:00,AAPL,B,C,0,233.78,256
2024-10-21 12:05:40.071027333+00:00,AAPL,B,A,0,233.78,326
2024-10-21 12:05:40.096302346+00:00,AAPL,A,C,0,233.83,30
2024-10-21 12:05:40.096345392+00:00,AAPL,A,A,0,233.89,28
2024-10-21 12:05:40.133764520+00:00,AAPL,B,C,2,233.71,32
2024-10-21 12:05:40.147760543+00:00,AAPL,B,A,5,233.58,400
2024-10-21 12:05:40.167062454+00:00,AAPL,A,A,0,233.88,200
2024-10-21 12:05:40.279040532+00:00,AAPL,B,C,1,233.74,32
2024-10-21 12:05:40.371306716+00:00,AAPL,B,A,4,233.59,400
2024-10-21 12:05:40.371534341+00:00,AAPL,A,C,0,233.88,200
2024-10-21 12:05:40.371545573+00:00,AAPL,A,A,1,233.92,200
2024-10-21 12:05:40.371797762+00:00,AAPL,B,A,5,233.58,27
2024-10-21 12:05:40.371831552+00:00,AAPL,B,C,6,233.53,27
2024-10-21 12:05:40.422122396+00:00,AAPL,B,A,2,233.68,200
2024-10-21 12:05:41.922932814+00:00,AAPL,B,C,5,233.58,27
2024-10-21 12:05:41.923000912+00:00,AAPL,B,A,5,233.63,28
2024-10-21 12:05:41.948630132+00:00,AAPL,N,T,0,233.79,162
2024-10-21 12:05:41.951962933+00:00,AAPL,B,C,2,233.68,200
2024-10-21 12:05:41.951975929+00:00,AAPL,B,A,3,233.65,400
2024-10-21 12:05:41.952567424+00:00,AAPL,A,C,0,233.89,28
2024-10-21 12:05:41.952619801+00:00,AAPL,A,A,2,233.95,29
2024-10-21 12:05:43.153724103+00:00,AAPL,B,A,2,233.69,200
2024-10-21 12:05:43.258685033+00:00,AAPL,A,T,0,233.78,250
2024-10-21 12:05:43.258685033+00:00,AAPL,B,C,0,233.78,250
2024-10-21 12:05:43.258755715+00:00,AAPL,B,C,2,233.69,200
2024-10-21 12:05:43.337323654+00:00,AAPL,B,A,5,233.59,200
2024-10-21 12:05:43.337453873+00:00,AAPL,A,A,0,233.92,200
2024-10-21 12:05:43.337912322+00:00,AAPL,B,C,4,233.63,28
2024-10-21 12:05:43.337965586+00:00,AAPL,B,A,7,233.52,26
2024-10-21 12:05:43.365778374+00:00,AAPL,B,A,4,233.59,200
2024-10-21 12:05:43.393790686+00:00,AAPL,A,C,0,233.92,200
2024-10-21 12:05:43.393803680+00:00,AAPL,A,A,0,233.88,200
2024-10-21 12:05:43.596064460+00:00,AAPL,B,C,4,233.59,200
2024-10-21 12:05:43.596076460+00:00,AAPL,B,A,3,233.65,400
2024-10-21 12:05:45.922885872+00:00,AAPL,B,C,6,233.52,26
2024-10-21 12:05:45.923016443+00:00,AAPL,B,A,4,233.58,29
2024-10-21 12:05:46.352758108+00:00,AAPL,B,A,1,233.76,100
2024-10-21 12:05:46.952418271+00:00,AAPL,A,C,0,233.88,200
2024-10-21 12:05:46.952433308+00:00,AAPL,A,A,0,233.93,400
2024-10-21 12:05:47.007021590+00:00,AAPL,B,A,3,233.68,200
2024-10-21 12:05:48.195531738+00:00,AAPL,A,C,0,233.93,400
2024-10-21 12:05:48.195615637+00:00,AAPL,A,T,0,233.78,76
2024-10-21 12:05:48.195615637+00:00,AAPL,A,T,0,233.76,100
2024-10-21 12:05:48.195615637+00:00,AAPL,B,C,0,233.76,100
2024-10-21 12:05:48.195638794+00:00,AAPL,A,A,0,233.85,100
2024-10-21 12:05:48.195643749+00:00,AAPL,A,A,1,233.9,100
2024-10-21 12:05:48.195651625+00:00,AAPL,A,A,2,233.91,100
2024-10-21 12:05:48.195652834+00:00,AAPL,A,A,0,233.85,33
2024-10-21 12:05:48.195667975+00:00,AAPL,A,A,0,233.91,33
2024-10-21 12:05:48.195671113+00:00,AAPL,B,C,1,233.68,200
2024-10-21 12:05:48.195675914+00:00,AAPL,A,A,3,233.91,100
2024-10-21 12:05:48.195679038+00:00,AAPL,A,A,2,233.9,100
2024-10-21 12:05:48.195690635+00:00,AAPL,A,C,1,233.85,100
2024-10-21 12:05:48.195701993+00:00,AAPL,A,C,2,233.9,100
2024-10-21 12:05:48.195706051+00:00,AAPL,A,C,3,233.91,100
2024-10-21 12:05:48.195771617+00:00,AAPL,A,C,3,233.91,100
2024-10-21 12:05:48.195800135+00:00,AAPL,A,C,0,233.84,100
2024-10-21 12:05:48.195848770+00:00,AAPL,A,C,1,233.9,100
2024-10-21 12:05:48.195954138+00:00,AAPL,A,C,1,233.9,100
2024-10-21 12:05:48.259822838+00:00,AAPL,B,A,3,233.59,400
2024-10-21 12:05:48.263346529+00:00,AAPL,B,C,4,233.58,29
2024-10-21 12:05:48.297202075+00:00,AAPL,A,A,2,233.93,400
2024-10-21 12:05:48.297231678+00:00,AAPL,A,C,1,233.91,33
2024-10-21 12:05:48.313231819+00:00,AAPL,A,A,1,233.88,200
2024-10-21 12:05:48.453765847+00:00,AAPL,A,C,0,233.85,33
2024-10-21 12:05:48.461428130+00:00,AAPL,A,A,0,233.88,200
2024-10-21 12:05:48.825644162+00:00,AAPL,B,A,3,233.62,200
2024-10-21 12:05:49.592099813+00:00,AAPL,B,A,2,233.65,200
2024-10-21 12:05:52.517180690+00:00,AAPL,B,A,4,233.57,29
2024-10-21 12:05:55.930110286+00:00,AAPL,B,C,2,233.65,18
2024-10-21 12:05:57.922929284+00:00,AAPL,B,C,4,233.57,29
2024-10-21 12:05:57.923066098+00:00,AAPL,B,A,3,233.58,30
2024-10-21 12:06:05.427139071+00:00,AAPL,A,A,0,233.8,5
2024-10-21 12:06:06.690796307+00:00,AAPL,A,C,1,233.88,200
2024-10-21 12:06:06.690808686+00:00,AAPL,A,A,1,233.87,200
2024-10-21 12:06:06.701910843+00:00,AAPL,A,C,3,233.95,29
2024-10-21 12:06:06.701967763+00:00,AAPL,A,A,2,233.94,26
2024-10-21 12:06:06.737555073+00:00,AAPL,B,C,2,233.65,200
2024-10-21 12:06:06.737568257+00:00,AAPL,B,A,2,233.63,200
2024-10-21 12:06:06.784651971+00:00,AAPL,B,A,2,233.63,200
2024-10-21 12:06:06.795491217+00:00,AAPL,B,C,2,233.63,200
2024-10-21 12:06:06.795502438+00:00,AAPL,B,A,2,233.64,200
2024-10-21 12:06:07.734697882+00:00,AAPL,B,A,0,233.74,100
2024-10-21 12:06:07.735102284+00:00,AAPL,B,C,0,233.74,100
2024-10-21 12:06:07.797318931+00:00,AAPL,A,C,2,233.94,26
2024-10-21 12:06:07.797428592+00:00,AAPL,A,A,2,233.93,29
2024-10-21 12:06:07.802356464+00:00,AAPL,A,C,1,233.87,200
2024-10-21 12:06:07.802368533+00:00,AAPL,A,A,1,233.92,200
2024-10-21 12:06:07.805948070+00:00,AAPL,B,A,2,233.64,200
2024-10-21 12:06:07.846428844+00:00,AAPL,A,A,1,233.92,200
2024-10-21 12:06:07.848909781+00:00,AAPL,B,C,2,233.64,200
2024-10-21 12:06:07.896522805+00:00,AAPL,A,C,1,233.92,200
2024-10-21 12:06:07.896534876+00:00,AAPL,A,A,1,233.89,200
2024-10-21 12:06:08.694025455+00:00,AAPL,A,A,1,233.88,200
2024-10-21 12:06:17.680964159+00:00,AAPL,B,C,3,233.58,30
2024-10-21 12:06:17.681006872+00:00,AAPL,B,A,4,233.55,29
2024-10-21 12:06:17.696105981+00:00,AAPL,A,C,2,233.93,29
2024-10-21 12:06:18.819178890+00:00,AAPL,B,A,0,233.74,100
2024-10-21 12:06:18.819594049+00:00,AAPL,B,C,0,233.74,100
2024-10-21 12:06:18.820239929+00:00,AAPL,B,C,2,233.64,200
2024-10-21 12:06:18.821093344+00:00,AAPL,A,C,0,233.8,5
2024-10-21 12:06:18.873162917+00:00,AAPL,B,A,2,233.63,200
2024-10-21 12:06:18.892219598+00:00,AAPL,A,C,0,233.88,200
2024-10-21 12:06:18.892231335+00:00,AAPL,A,A,0,233.91,400
2024-10-21 12:06:18.892290341+00:00,AAPL,A,C,0,233.91,200
2024-10-21 12:06:19.678000980+00:00,AAPL,B,A,2,233.63,200
2024-10-21 12:06:19.696727473+00:00,AAPL,B,C,2,233.63,200
2024-10-21 12:06:19.696738939+00:00,AAPL,B,A,2,233.64,400
2024-10-21 12:06:22.179031254+00:00,AAPL,B,C,2,233.64,200
2024-10-21 12:06:29.265587376+00:00,AAPL,B,C,4,233.55,29
2024-10-21 12:06:29.265653484+00:00,AAPL,B,A,4,233.56,30
2024-10-21 12:06:29.265699161+00:00,AAPL,A,A,1,233.94,28
2024-10-21 12:06:31.862439229+00:00,AAPL,B,C,4,233.56,30
2024-10-21 12:06:31.862509699+00:00,AAPL,B,A,4,233.57,27
2024-10-21 12:06:39.032886978+00:00,AAPL,A,C,0,233.91,200
2024-10-21 12:06:39.137156502+00:00,AAPL,A,A,0,233.92,200
2024-10-21 12:06:46.758024329+00:00,AAPL,B,A,2,233.64,200
2024-10-21 12:06:46.812855420+00:00,AAPL,B,C,2,233.64,200
2024-10-21 12:06:46.812867723+00:00,AAPL,B,A,2,233.65,200
2024-10-21 12:06:46.863385247+00:00,AAPL,B,C,4,233.57,27
2024-10-21 12:06:46.888617346+00:00,AAPL,B,A,3,233.58,26
2024-10-21 12:06:48.285146479+00:00,AAPL,A,C,0,233.92,200
2024-10-21 12:06:48.317330539+00:00,AAPL,A,A,0,233.93,200
2024-10-21 12:06:48.791506901+00:00,AAPL,A,A,0,233.79,20
2024-10-21 12:06:48.791534978+00:00,AAPL,B,T,0,233.79,20
2024-10-21 12:06:48.791534978+00:00,AAPL,A,C,0,233.79,20
2024-10-21 12:06:48.791573564+00:00,AAPL,B,A,0,233.74,100
2024-10-21 12:06:48.791586310+00:00,AAPL,B,A,1,233.71,100
2024-10-21 12:06:48.893768793+00:00,AAPL,B,C,1,233.71,100
2024-10-21 12:06:49.043764990+00:00,AAPL,B,C,0,233.74,100
2024-10-21 12:06:49.574441885+00:00,AAPL,B,A,1,233.66,200
2024-10-21 12:06:51.353578115+00:00,AAPL,B,C,1,233.66,200
2024-10-21 12:06:51.353591847+00:00,AAPL,B,A,2,233.64,200
2024-10-21 12:06:53.388459101+00:00,AAPL,B,A,2,233.65,200
2024-10-21 12:06:56.110160994+00:00,AAPL,B,A,0,233.8,100
2024-10-21 12:06:56.110195323+00:00,AAPL,A,C,0,233.93,200
2024-10-21 12:06:56.110459619+00:00,AAPL,B,C,0,233.8,100
2024-10-21 12:06:56.110506828+00:00,AAPL,A,A,0,233.94,200
2024-10-21 12:06:56.200078370+00:00,AAPL,B,A,2,233.65,200
2024-10-21 12:06:56.253414674+00:00,AAPL,B,C,2,233.65,200
2024-10-21 12:06:56.253426681+00:00,AAPL,B,A,1,233.66,400
2024-10-21 12:06:56.253770667+00:00,AAPL,B,C,1,233.66,200
2024-10-21 12:06:56.253914719+00:00,AAPL,B,C,2,233.58,26
2024-10-21 12:06:56.254006802+00:00,AAPL,B,A,2,233.64,26
2024-10-21 12:06:56.262048229+00:00,AAPL,B,C,1,233.66,200
2024-10-21 12:06:56.262061304+00:00,AAPL,B,A,3,233.61,400
2024-10-21 12:06:56.280865568+00:00,AAPL,B,C,2,233.64,26
2024-10-21 12:06:56.343913221+00:00,AAPL,B,A,1,233.66,200
2024-10-21 12:06:57.181891624+00:00,AAPL,B,A,2,233.58,26
2024-10-21 12:06:59.253990761+00:00,AAPL,B,A,1,233.66,200
2024-10-21 12:06:59.254521031+00:00,AAPL,B,C,2,233.58,26
2024-10-21 12:06:59.254578130+00:00,AAPL,B,A,2,233.64,29
2024-10-21 12:06:59.308464431+00:00,AAPL,B,C,1,233.66,200
2024-10-21 12:06:59.308477350+00:00,AAPL,B,A,0,233.7,200
2024-10-21 12:07:03.723636278+00:00,AAPL,A,A,0,233.93,200
2024-10-21 12:07:06.239446409+00:00,AAPL,B,C,0,233.7,200
2024-10-21 12:07:06.347474732+00:00,AAPL,B,A,0,233.7,200
2024-10-21 12:07:21.424028257+00:00,AAPL,A,C,0,233.93,200
2024-10-21 12:07:21.424041784+00:00,AAPL,A,A,1,233.95,200
2024-10-21 12:07:21.478349682+00:00,AAPL,B,A,0,233.71,200
2024-10-21 12:07:21.488058823+00:00,AAPL,B,C,3,233.64,29
2024-10-21 12:07:21.488100749+00:00,AAPL,B,A,3,233.65,26
2024-10-21 12:07:21.502492836+00:00,AAPL,A,C,0,233.94,28
2024-10-21 12:07:21.502548349+00:00,AAPL,A,A,2,233.97,26
2024-10-21 12:07:24.037331253+00:00,AAPL,A,A,0,233.94,200
2024-10-21 12:07:24.051643239+00:00,AAPL,A,C,1,233.97,26
2024-10-21 12:07:24.051685450+00:00,AAPL,A,A,1,233.96,26
2024-10-21 12:07:31.492189570+00:00,AAPL,A,A,0,233.93,200
2024-10-21 12:07:31.505459563+00:00,AAPL,A,C,2,233.96,26
2024-10-21 12:07:31.506518669+00:00,AAPL,A,A,2,233.95,29
2024-10-21 12:07:32.030551990+00:00,AAPL,B,C,0,233.71,200
2024-10-21 12:07:32.030564032+00:00,AAPL,B,A,1,233.69,200
2024-10-21 12:07:33.189588145+00:00,AAPL,B,A,0,233.7,200
2024-10-21 12:07:34.413504555+00:00,AAPL,B,A,0,233.71,200
2024-10-21 12:07:51.491296294+00:00,AAPL,N,T,0,233.87,50
2024-10-21 12:07:51.491296294+00:00,AAPL,N,T,0,233.88,50
2024-10-21 12:07:51.493462211+00:00,AAPL,N,T,0,233.9,150
2024-10-21 12:07:51.493723176+00:00,AAPL,B,A,0,233.86,100
2024-10-21 12:07:51.493724386+00:00,AAPL,B,A,1,233.83,100
2024-10-21 12:07:51.493756947+00:00,AAPL,A,C,0,233.93,200
2024-10-21 12:07:51.494118408+00:00,AAPL,B,C,0,233.86,100
2024-10-21 12:07:51.502398180+00:00,AAPL,B,C,0,233.83,100
2024-10-21 12:07:51.568012126+00:00,AAPL,B,A,0,233.71,200
2024-10-21 12:07:51.600943259+00:00,AAPL,A,A,3,233.99,200
2024-10-21 12:07:51.615820733+00:00,AAPL,A,C,3,233.99,200
2024-10-21 12:07:51.619802962+00:00,AAPL,B,C,3,233.65,26
2024-10-21 12:07:51.619884656+00:00,AAPL,B,A,2,233.69,28
2024-10-21 12:07:51.619898253+00:00,AAPL,A,C,1,233.95,29
2024-10-21 12:07:51.619921024+00:00,AAPL,B,A,0,233.72,28
2024-10-21 12:07:51.619959682+00:00,AAPL,A,A,3,234.07,30
2024-10-21 12:07:51.628191317+00:00,AAPL,B,C,1,233.71,200
2024-10-21 12:07:51.628201644+00:00,AAPL,B,C,1,233.71,200
2024-10-21 12:07:51.628212387+00:00,AAPL,B,A,3,233.67,200
2024-10-21 12:07:51.686536494+00:00,AAPL,A,A,2,234.0,200
2024-10-21 12:07:51.794799198+00:00,AAPL,B,A,3,233.68,200
2024-10-21 12:07:51.814032926+00:00,AAPL,B,A,1,233.71,200
2024-10-21 12:07:52.076548886+00:00,AAPL,N,T,0,233.93,50
2024-10-21 12:07:52.076590310+00:00,AAPL,B,A,0,233.82,5
2024-10-21 12:07:52.083763088+00:00,AAPL,B,C,0,233.82,5
2024-10-21 12:07:52.139320651+00:00,AAPL,B,C,3,233.69,28
2024-10-21 12:07:52.139355221+00:00,AAPL,B,C,0,233.72,28
2024-10-21 12:07:52.139430957+00:00,AAPL,B,A,1,233.7,29
2024-10-21 12:07:52.330233710+00:00,AAPL,N,T,0,233.93,50
2024-10-21 12:07:52.330267041+00:00,AAPL,B,A,0,233.82,5
2024-10-21 12:07:52.333762726+00:00,AAPL,B,C,0,233.82,5
2024-10-21 12:07:53.654833970+00:00,AAPL,N,T,0,233.93,50
2024-10-21 12:07:53.654870612+00:00,AAPL,B,A,0,233.82,5
2024-10-21 12:07:53.663763591+00:00,AAPL,B,C,0,233.82,5
2024-10-21 12:07:54.619783229+00:00,AAPL,B,A,0,233.71,200
2024-10-21 12:07:54.619937567+00:00,AAPL,A,C,2,234.0,200
2024-10-21 12:07:54.619949131+00:00,AAPL,A,A,3,234.05,400
2024-10-21 12:07:54.620382308+00:00,AAPL,B,A,0,233.72,29
2024-10-21 12:07:54.620490674+00:00,AAPL,A,C,4,234.07,30
2024-10-21 12:07:54.620533693+00:00,AAPL,A,A,4,234.12,28
2024-10-21 12:07:54.677762815+00:00,AAPL,B,C,1,233.71,200
2024-10-21 12:07:54.677774981+00:00,AAPL,B,A,0,233.8,200
2024-10-21 12:07:54.740560308+00:00,AAPL,B,C,1,233.72,29
2024-10-21 12:07:54.740591753+00:00,AAPL,B,C,1,233.7,29
2024-10-21 12:07:54.740668620+00:00,AAPL,B,A,1,233.75,29
2024-10-21 12:07:57.005348310+00:00,AAPL,N,T,0,233.93,50
2024-10-21 12:07:57.005348926+00:00,AAPL,N,T,0,233.93,50
2024-10-21 12:07:57.005648252+00:00,AAPL,B,A,0,233.91,100
2024-10-21 12:07:57.006073356+00:00,AAPL,B,C,0,233.91,100
2024-10-21 12:07:57.069351091+00:00,AAPL,A,C,3,234.05,200
2024-10-21 12:07:57.258842550+00:00,AAPL,N,T,0,233.93,50
2024-10-21 12:07:58.008823092+00:00,AAPL,B,T,0,233.94,50
2024-10-21 12:07:58.008823092+00:00,AAPL,A,C,0,233.94,50
2024-10-21 12:07:58.008889077+00:00,AAPL,A,C,3,234.05,200
2024-10-21 12:07:58.036947209+00:00,AAPL,A,A,3,234.05,200
2024-10-21 12:07:58.162656656+00:00,AAPL,A,A,3,234.05,200
2024-10-21 12:08:07.337716526+00:00,AAPL,B,A,0,233.81,200
2024-10-21 12:08:07.341475627+00:00,AAPL,B,A,1,233.76,29
2024-10-21 12:08:07.343053018+00:00,AAPL,B,C,2,233.75,29
2024-10-21 12:08:11.980882050+00:00,AAPL,B,T,0,233.94,56
2024-10-21 12:08:11.980882050+00:00,AAPL,A,C,0,233.94,56
2024-10-21 12:08:11.980882050+00:00,AAPL,N,T,0,233.93,44
2024-10-21 12:08:22.863309742+00:00,AAPL,B,C,0,233.81,200
2024-10-21 12:08:22.863323283+00:00,AAPL,B,A,1,233.73,400
2024-10-21 12:08:22.881949837+00:00,AAPL,B,C,0,233.76,29
2024-10-21 12:08:22.881992297+00:00,AAPL,B,A,1,233.71,30
2024-10-21 12:08:22.934444989+00:00,AAPL,B,C,0,233.73,200
2024-10-21 12:08:25.917764011+00:00,AAPL,B,A,0,233.77,200
2024-10-21 12:08:36.931191504+00:00,AAPL,A,C,3,234.05,200
2024-10-21 12:08:36.931201585+00:00,AAPL,A,C,3,234.05,200
2024-10-21 12:08:36.931212780+00:00,AAPL,A,A,3,234.07,400
2024-10-21 12:08:36.985980884+00:00,AAPL,B,A,0,233.78,200
2024-10-21 12:08:37.008605354+00:00,AAPL,B,A,1,233.72,28
2024-10-21 12:08:37.008657827+00:00,AAPL,B,C,2,233.71,30
2024-10-21 12:08:37.017706043+00:00,AAPL,A,A,4,234.09,27
2024-10-21 12:08:37.017734583+00:00,AAPL,A,C,5,234.12,28
2024-10-21 12:08:37.054120455+00:00,AAPL,A,A,3,234.04,200
2024-10-21 12:08:37.140123992+00:00,AAPL,A,A,3,234.03,200
2024-10-21 12:08:37.210561446+00:00,AAPL,B,C,0,233.78,200
2024-10-21 12:08:37.210572545+00:00,AAPL,B,A,0,233.76,200
2024-10-21 12:08:37.269320274+00:00,AAPL,A,A,3,234.02,200
2024-10-21 12:08:37.922862859+00:00,AAPL,A,C,4,234.09,27
2024-10-21 12:08:37.922947266+00:00,AAPL,A,A,4,234.07,29
2024-10-21 12:08:38.864074729+00:00,AAPL,A,A,0,233.93,100
2024-10-21 12:08:38.864096354+00:00,AAPL,B,C,0,233.76,200
2024-10-21 12:08:38.864439490+00:00,AAPL,A,C,0,233.93,100
2024-10-21 12:08:38.972450149+00:00,AAPL,B,A,0,233.74,200
2024-10-21 12:08:38.985809168+00:00,AAPL,A,A,2,234.0,200
2024-10-21 12:08:39.004863316+00:00,AAPL,A,C,2,234.0,200
2024-10-21 12:08:39.004876187+00:00,AAPL,A,A,3,234.02,200
2024-10-21 12:08:39.005322111+00:00,AAPL,B,A,0,233.75,29
2024-10-21 12:08:39.005350151+00:00,AAPL,B,C,2,233.72,28
2024-10-21 12:08:39.007699591+00:00,AAPL,A,C,3,234.02,200
2024-10-21 12:08:39.007712438+00:00,AAPL,A,A,3,234.06,400
2024-10-21 12:08:39.069736562+00:00,AAPL,B,A,0,233.75,200
2024-10-21 12:08:39.162773976+00:00,AAPL,B,A,0,233.76,200
2024-10-21 12:08:41.638527966+00:00,AAPL,B,A,0,233.77,200
2024-10-21 12:08:41.645312053+00:00,AAPL,B,A,1,233.76,28
2024-10-21 12:08:41.701297052+00:00,AAPL,B,C,1,233.76,28
2024-10-21 12:08:41.701320255+00:00,AAPL,B,C,1,233.75,29
2024-10-21 12:08:41.701391064+00:00,AAPL,B,A,1,233.76,30
2024-10-21 12:08:44.045776235+00:00,AAPL,B,T,0,233.94,94
2024-10-21 12:08:44.045776717+00:00,AAPL,N,T,0,233.94,94
2024-10-21 12:08:44.045799937+00:00,AAPL,B,A,0,233.86,100
2024-10-21 12:08:44.045814276+00:00,AAPL,B,A,1,233.81,100
2024-10-21 12:08:44.045826034+00:00,AAPL,B,C,0,233.86,100
2024-10-21 12:08:44.045839714+00:00,AAPL,B,A,1,233.8,57
2024-10-21 12:08:44.046075488+00:00,AAPL,B,A,0,233.88,100
2024-10-21 12:08:44.046577511+00:00,AAPL,B,C,0,233.88,100
2024-10-21 12:08:44.062697315+00:00,AAPL,N,T,0,233.94,44
2024-10-21 12:08:44.062714891+00:00,AAPL,N,T,0,233.94,27
2024-10-21 12:08:44.062714891+00:00,AAPL,N,T,0,233.95,17
2024-10-21 12:08:44.070991133+00:00,AAPL,N,T,0,233.95,37
2024-10-21 12:08:44.071001755+00:00,AAPL,B,A,0,233.89,100
2024-10-21 12:08:44.071247115+00:00,AAPL,B,C,0,233.89,100
2024-10-21 12:08:44.078717275+00:00,AAPL,A,C,0,233.98,31
2024-10-21 12:08:44.078717275+00:00,AAPL,B,T,0,233.98,9
2024-10-21 12:08:44.078717275+00:00,AAPL,B,T,0,233.98,31
2024-10-21 12:08:44.078717275+00:00,AAPL,N,T,0,233.96,10
2024-10-21 12:08:44.078717275+00:00,AAPL,B,T,0,233.98,4
2024-10-21 12:08:44.078717275+00:00,AAPL,N,T,0,233.95,46
2024-10-21 12:08:44.078746374+00:00,AAPL,B,A,0,233.92,100
2024-10-21 12:08:44.078758339+00:00,AAPL,B,A,1,233.91,57
2024-10-21 12:08:44.078760028+00:00,AAPL,B,A,2,233.88,100
2024-10-21 12:08:44.078772524+00:00,AAPL,B,A,0,233.87,57
2024-10-21 12:08:44.078783923+00:00,AAPL,B,C,1,233.88,100
2024-10-21 12:08:44.115212449+00:00,AAPL,A,C,2,234.07,29
2024-10-21 12:08:44.115267046+00:00,AAPL,A,A,2,234.13,29
2024-10-21 12:08:44.149196088+00:00,AAPL,B,C,3,233.8,57
2024-10-21 12:08:44.179409160+00:00,AAPL,B,C,1,233.87,57
2024-10-21 12:08:44.303766562+00:00,AAPL,B,C,1,233.85,57
2024-10-21 12:08:44.333763421+00:00,AAPL,B,C,0,233.91,57
2024-10-21 12:08:45.554994588+00:00,AAPL,A,A,6,234.43,100
2024-10-21 12:08:46.626940215+00:00,AAPL,B,A,0,233.9,1
2024-10-21 12:08:56.736391728+00:00,AAPL,B,C,0,233.9,1
2024-10-21 12:09:01.138241817+00:00,AAPL,B,C,0,233.77,200
2024-10-21 12:09:01.138255251+00:00,AAPL,B,A,1,233.73,200
2024-10-21 12:09:01.157397025+00:00,AAPL,B,A,2,233.7,30
2024-10-21 12:09:01.157426276+00:00,AAPL,B,C,0,233.76,30
2024-10-21 12:09:02.549437699+00:00,AAPL,A,A,1,234.05,400
2024-10-21 12:09:02.576510264+00:00,AAPL,A,C,2,234.13,29
2024-10-21 12:09:02.576563332+00:00,AAPL,A,A,2,234.12,29
2024-10-21 12:09:04.138843955+00:00,AAPL,B,C,1,233.7,30
2024-10-21 12:09:04.138894379+00:00,AAPL,B,A,0,233.75,30
2024-10-21 12:09:04.194606283+00:00,AAPL,B,A,0,233.81,200
2024-10-21 12:09:06.506604143+00:00,AAPL,B,C,1,233.75,30
2024-10-21 12:09:06.565023952+00:00,AAPL,B,A,1,233.76,30
2024-10-21 12:09:06.773392628+00:00,AAPL,B,A,0,233.82,200
2024-10-21 12:09:10.542530771+00:00,AAPL,B,A,0,233.9,10
2024-10-21 12:09:12.689157352+00:00,AAPL,A,C,1,234.05,400
2024-10-21 12:09:12.689170703+00:00,AAPL,A,A,1,234.06,200
2024-10-21 12:09:12.782576498+00:00,AAPL,A,A,1,234.06,200
2024-10-21 12:09:13.223494596+00:00,AAPL,B,A,1,233.83,200
2024-10-21 12:09:13.230924474+00:00,AAPL,B,C,2,233.76,30
2024-10-21 12:09:13.230979969+00:00,AAPL,B,A,2,233.77,27
2024-10-21 12:09:13.352263576+00:00,AAPL,A,C,2,234.12,29
2024-10-21 12:09:13.352324097+00:00,AAPL,A,A,3,234.14,28
2024-10-21 12:09:14.174258870+00:00,AAPL,A,C,1,234.06,200
2024-10-21 12:09:14.174269739+00:00,AAPL,A,C,1,234.06,200
2024-10-21 12:09:14.199409178+00:00,AAPL,A,A,1,234.07,200
2024-10-21 12:09:15.368368108+00:00,AAPL,B,C,1,233.83,200
2024-10-21 12:09:15.368381335+00:00,AAPL,B,A,2,233.74,400
2024-10-21 12:09:15.368882161+00:00,AAPL,B,C,1,233.77,27
2024-10-21 12:09:15.368983400+00:00,AAPL,B,A,2,233.72,28
2024-10-21 12:09:15.972801291+00:00,AAPL,N,T,0,233.98,30
2024-10-21 12:09:16.178054946+00:00,AAPL,N,T,0,233.98,50
2024-10-21 12:09:17.673639410+00:00,AAPL,N,T,0,233.98,3
2024-10-21 12:09:18.369344833+00:00,AAPL,B,A,1,233.77,26
2024-10-21 12:09:18.369370009+00:00,AAPL,B,C,3,233.72,28
2024-10-21 12:09:18.424025933+00:00,AAPL,B,A,1,233.83,200
2024-10-21 12:09:26.336360989+00:00,AAPL,B,C,1,233.83,200
2024-10-21 12:09:26.336373029+00:00,AAPL,B,A,1,233.81,200
2024-10-21 12:09:26.336385729+00:00,AAPL,A,A,1,234.07,200
2024-10-21 12:09:26.401883038+00:00,AAPL,B,A,1,233.82,200
2024-10-21 12:09:30.048768796+00:00,AAPL,A,C,1,234.07,200
2024-10-21 12:09:30.048780765+00:00,AAPL,A,A,1,234.06,200
2024-10-21 12:09:30.065483395+00:00,AAPL,A,C,3,234.14,28
2024-10-21 12:09:30.066245031+00:00,AAPL,A,A,2,234.13,30
2024-10-21 12:09:32.077963808+00:00,AAPL,B,A,0,233.9,1
2024-10-21 12:09:37.644355301+00:00,AAPL,B,A,1,233.83,200
2024-10-21 12:09:38.208139554+00:00,AAPL,B,A,0,233.97,2
2024-10-21 12:09:42.372615871+00:00,AAPL,A,C,1,234.06,200
2024-10-21 12:09:42.372627823+00:00,AAPL,A,A,1,234.07,200
2024-10-21 12:09:43.901315169+00:00,AAPL,B,A,1,233.95,10
2024-10-21 12:09:45.133407519+00:00,AAPL,N,T,0,233.98,17
2024-10-21 12:09:45.628579880+00:00,AAPL,B,A,9,233.5,100
2024-10-21 12:09:48.089350946+00:00,AAPL,A,A,1,234.07,200
2024-10-21 12:09:48.587030358+00:00,AAPL,A,C,1,234.07,200
2024-10-21 12:09:48.587043020+00:00,AAPL,A,A,1,234.06,200
2024-10-21 12:09:49.792724444+00:00,AAPL,A,A,1,234.06,200
2024-10-21 12:09:53.122453611+00:00,AAPL,B,C,0,233.97,2
2024-10-21 12:09:53.247009420+00:00,AAPL,B,A,3,233.81,30
2024-10-21 12:09:53.247043259+00:00,AAPL,B,C,4,233.77,26
2024-10-21 12:09:53.299918437+00:00,AAPL,B,A,2,233.86,200
2024-10-21 12:09:54.363979828+00:00,AAPL,A,C,1,234.06,200
2024-10-21 12:09:54.363990119+00:00,AAPL,A,C,1,234.06,200
2024-10-21 12:09:54.402345010+00:00,AAPL,A,A,1,234.06,200
2024-10-21 12:09:57.392602293+00:00,AAPL,A,A,1,234.05,200
2024-10-21 12:09:57.432954262+00:00,AAPL,A,C,2,234.13,30
2024-10-21 12:09:57.433015324+00:00,AAPL,A,A,2,234.12,27
2024-10-21 12:10:00.023818184+00:00,AAPL,N,T,0,233.98,2
2024-10-21 12:10:01.648302231+00:00,AAPL,B,C,2,233.86,200
2024-10-21 12:10:01.648314395+00:00,AAPL,B,A,2,233.84,200
2024-10-21 12:10:01.702573654+00:00,AAPL,A,A,1,234.04,200
2024-10-21 12:10:01.719020950+00:00,AAPL,A,C,1,234.04,200
2024-10-21 12:10:01.719033080+00:00,AAPL,A,A,1,234.09,200
2024-10-21 12:10:01.724626959+00:00,AAPL,A,A,2,234.11,29
2024-10-21 12:10:01.726066241+00:00,AAPL,B,A,2,233.84,200
2024-10-21 12:10:01.751841665+00:00,AAPL,A,C,2,234.11,29
2024-10-21 12:10:01.781661443+00:00,AAPL,B,C,2,233.84,200
2024-10-21 12:10:01.781673802+00:00,AAPL,B,A,2,233.87,400
2024-10-21 12:10:01.842775879+00:00,AAPL,A,C,2,234.12,27
2024-10-21 12:10:02.294097461+00:00,AAPL,A,A,3,234.16,27
2024-10-21 12:10:03.086137168+00:00,AAPL,N,T,0,233.99,9
2024-10-21 12:10:03.188596704+00:00,AAPL,B,C,2,233.87,400
2024-10-21 12:10:03.188608784+00:00,AAPL,B,A,2,233.86,400
2024-10-21 12:10:03.188621108+00:00,AAPL,A,A,1,234.09,200
2024-10-21 12:10:03.197531287+00:00,AAPL,B,A,4,233.79,26
2024-10-21 12:10:03.247731199+00:00,AAPL,A,C,1,234.09,200
2024-10-21 12:10:03.247744906+00:00,AAPL,A,A,1,234.08,400
2024-10-21 12:10:03.255005064+00:00,AAPL,B,C,3,233.81,30
2024-10-21 12:10:03.257914828+00:00,AAPL,A,C,3,234.16,27
2024-10-21 12:10:03.459955473+00:00,AAPL,A,C,1,234.08,400
2024-10-21 12:10:03.459967128+00:00,AAPL,A,A,1,234.1,400
2024-10-21 12:10:03.514882942+00:00,AAPL,B,A,2,233.87,400
2024-10-21 12:10:12.927978411+00:00,AAPL,B,C,3,233.79,26
2024-10-21 12:10:12.928036467+00:00,AAPL,B,A,3,233.8,29
2024-10-21 12:10:12.928066550+00:00,AAPL,A,A,3,234.16,28
2024-10-21 12:10:13.161741583+00:00,AAPL,B,C,2,233.87,400
2024-10-21 12:10:13.161754596+00:00,AAPL,B,A,2,233.84,200
2024-10-21 12:10:17.086432603+00:00,AAPL,N,T,0,233.99,2
2024-10-21 12:10:20.742267983+00:00,AAPL,B,A,0,233.96,20
2024-10-21 12:10:22.088936277+00:00,AAPL,N,T,0,233.99,5
2024-10-21 12:10:23.455694731+00:00,AAPL,B,A,3,233.84,200
2024-10-21 12:10:23.510549173+00:00,AAPL,B,C,3,233.84,200
2024-10-21 12:10:23.510561501+00:00,AAPL,B,A,3,233.87,400
2024-10-21 12:10:24.014526498+00:00,AAPL,B,A,3,233.88,400
2024-10-21 12:10:29.982925320+00:00,AAPL,B,C,1,233.95,10
2024-10-21 12:10:32.696534026+00:00,AAPL,B,C,3,233.8,29
2024-10-21 12:10:32.696591804+00:00,AAPL,B,A,3,233.81,28
2024-10-21 12:10:36.255768918+00:00,AAPL,B,C,2,233.88,200
2024-10-21 12:10:36.667879809+00:00,AAPL,A,C,1,234.1,400
2024-10-21 12:10:36.667890580+00:00,AAPL,A,A,1,234.12,400
2024-10-21 12:10:36.718839166+00:00,AAPL,B,A,2,233.89,200
2024-10-21 12:10:36.743886554+00:00,AAPL,A,C,3,234.16,28
2024-10-21 12:10:36.743997154+00:00,AAPL,A,A,4,234.18,29
2024-10-21 12:10:42.064737913+00:00,AAPL,B,C,2,233.89,200
2024-10-21 12:10:42.064751203+00:00,AAPL,B,A,2,233.86,200
2024-10-21 12:10:43.289649676+00:00,AAPL,A,A,1,234.11,400
2024-10-21 12:10:43.377793688+00:00,AAPL,A,C,4,234.18,29
2024-10-21 12:10:43.377874040+00:00,AAPL,A,A,3,234.17,28
2024-10-21 12:10:45.117298924+00:00,AAPL,B,A,2,233.88,200
2024-10-21 12:10:50.849951366+00:00,AAPL,B,A,2,233.89,200
2024-10-21 12:10:52.970596564+00:00,AAPL,A,C,4,234.25,50
2024-10-21 12:10:53.810283344+00:00,AAPL,B,C,0,233.96,20
2024-10-21 12:10:53.881437911+00:00,AAPL,B,C,1,233.89,200
2024-10-21 12:10:53.881449961+00:00,AAPL,B,A,1,233.86,200
2024-10-21 12:10:54.127647992+00:00,AAPL,B,C,1,233.86,200
2024-10-21 12:10:54.127659727+00:00,AAPL,B,A,2,233.78,400
2024-10-21 12:10:54.146847471+00:00,AAPL,B,C,1,233.81,28
2024-10-21 12:10:54.146889193+00:00,AAPL,B,A,2,233.76,27
2024-10-21 12:10:54.146930519+00:00,AAPL,A,A,2,234.13,27
2024-10-21 12:10:54.147042446+00:00,AAPL,A,C,3,234.17,28
2024-10-21 12:10:54.198356340+00:00,AAPL,A,A,1,234.06,200
2024-10-21 12:10:57.184732013+00:00,AAPL,B,A,1,233.82,200
2024-10-21 12:10:57.589931819+00:00,AAPL,B,A,1,233.83,200
2024-10-21 12:10:57.806606311+00:00,AAPL,B,C,1,233.83,200
2024-10-21 12:10:57.806619389+00:00,AAPL,B,A,1,233.78,400
2024-10-21 12:10:59.771109174+00:00,AAPL,B,C,2,233.76,27
2024-10-21 12:10:59.771161194+00:00,AAPL,B,A,2,233.77,30
2024-10-21 12:11:00.807617417+00:00,AAPL,B,C,2,233.77,30
2024-10-21 12:11:00.807657573+00:00,AAPL,B,A,1,233.82,26
2024-10-21 12:11:00.863155159+00:00,AAPL,B,A,1,233.87,200
2024-10-21 12:11:02.807100841+00:00,AAPL,B,A,1,233.88,200
2024-10-21 12:11:08.220315875+00:00,AAPL,B,C,1,233.88,200
2024-10-21 12:11:08.291449117+00:00,AAPL,B,A,2,233.78,400
2024-10-21 12:11:08.292006615+00:00,AAPL,B,A,3,233.76,27
2024-10-21 12:11:08.292044305+00:00,AAPL,B,C,1,233.82,26
2024-10-21 12:11:10.442610415+00:00,AAPL,B,A,1,233.79,400
2024-10-21 12:11:10.454786222+00:00,AAPL,B,C,2,233.76,27
2024-10-21 12:11:10.454836386+00:00,AAPL,B,A,2,233.77,27
2024-10-21 12:11:11.346234393+00:00,AAPL,B,A,1,233.83,200
2024-10-21 12:11:18.869640062+00:00,AAPL,B,C,1,233.83,200
2024-10-21 12:11:18.869653217+00:00,AAPL,B,A,1,233.78,400
2024-10-21 12:11:21.873343400+00:00,AAPL,B,C,2,233.77,27
2024-10-21 12:11:21.873432987+00:00,AAPL,B,A,1,233.81,26
2024-10-21 12:11:21.928253749+00:00,AAPL,B,A,1,233.86,200
2024-10-21 12:11:22.072355634+00:00,AAPL,B,C,1,233.86,200
2024-10-21 12:11:22.072368471+00:00,AAPL,B,A,2,233.78,400
2024-10-21 12:11:22.072864187+00:00,AAPL,B,C,1,233.81,26
2024-10-21 12:11:22.937969054+00:00,AAPL,N,T,0,233.98,4
2024-10-21 12:11:23.000862969+00:00,AAPL,B,A,2,233.76,30
2024-10-21 12:11:25.072916074+00:00,AAPL,A,C,1,234.06,200
2024-10-21 12:11:25.072929618+00:00,AAPL,A,A,1,234.12,400
2024-10-21 12:11:25.073291984+00:00,AAPL,B,C,2,233.76,30
2024-10-21 12:11:25.073388717+00:00,AAPL,B,A,1,233.81,26
2024-10-21 12:11:25.073972612+00:00,AAPL,A,C,2,234.13,27
2024-10-21 12:11:25.074100004+00:00,AAPL,A,A,4,234.18,30
2024-10-21 12:11:25.129294511+00:00,AAPL,B,A,1,233.86,200
2024-10-21 12:11:27.120005157+00:00,AAPL,B,C,1,233.86,200
2024-10-21 12:11:27.120018111+00:00,AAPL,B,A,2,233.78,400
2024-10-21 12:11:27.120506757+00:00,AAPL,B,C,1,233.81,26
2024-10-21 12:11:27.120548454+00:00,AAPL,B,A,2,233.76,29
2024-10-21 12:11:27.120650159+00:00,AAPL,A,A,2,234.13,27
2024-10-21 12:11:27.120720548+00:00,AAPL,A,C,4,234.18,30
2024-10-21 12:11:27.177529449+00:00,AAPL,A,A,1,234.06,200
2024-10-21 12:11:30.179103980+00:00,AAPL,B,A,1,233.82,200
2024-10-21 12:11:34.156391256+00:00,AAPL,B,C,1,233.82,200
2024-10-21 12:11:34.156403417+00:00,AAPL,B,A,1,233.78,400
2024-10-21 12:11:36.738675617+00:00,AAPL,B,C,0,233.9,1
2024-10-21 12:11:37.210931791+00:00,AAPL,B,A,1,233.82,200
2024-10-21 12:11:40.138482175+00:00,AAPL,B,C,1,233.82,200
2024-10-21 12:11:40.138496802+00:00,AAPL,B,A,1,233.78,400
2024-10-21 12:11:43.193475620+00:00,AAPL,B,A,1,233.82,200
2024-10-21 12:11:45.774723015+00:00,AAPL,N,T,0,233.98,50
2024-10-21 12:11:45.843943302+00:00,AAPL,B,C,1,233.82,200
2024-10-21 12:11:45.843955896+00:00,AAPL,B,A,1,233.78,400
2024-10-21 12:11:48.580722768+00:00,AAPL,B,A,1,233.79,400
2024-10-21 12:11:48.598471411+00:00,AAPL,B,C,2,233.76,29
2024-10-21 12:11:48.598514970+00:00,AAPL,B,A,2,233.77,28
2024-10-21 12:11:48.899046660+00:00,AAPL,B,A,1,233.83,200
2024-10-21 12:11:50.834920978+00:00,AAPL,B,C,1,233.83,200
2024-10-21 12:11:50.924089402+00:00,AAPL,B,A,1,233.83,200
2024-10-21 12:11:53.326572732+00:00,AAPL,B,C,1,233.83,200
2024-10-21 12:11:53.326585955+00:00,AAPL,B,A,1,233.79,400
2024-10-21 12:11:56.382477901+00:00,AAPL,B,A,1,233.83,200
2024-10-21 12:12:02.086529609+00:00,AAPL,A,A,0,233.97,20
2024-10-21 12:12:02.213802116+00:00,AAPL,B,C,1,233.83,200
2024-10-21 12:12:02.316648939+00:00,AAPL,B,A,1,233.82,200
2024-10-21 12:12:08.967185824+00:00,AAPL,A,C,0,233.97,20
2024-10-21 12:12:08.996704242+00:00,AAPL,N,T,0,233.96,4
2024-10-21 12:12:08.996733815+00:00,AAPL,B,C,1,233.82,200
2024-10-21 12:12:09.099739392+00:00,AAPL,B,A,1,233.82,200
2024-10-21 12:12:10.232691130+00:00,AAPL,B,A,1,233.83,200
2024-10-21 12:12:22.882127538+00:00,AAPL,B,C,1,233.83,200
2024-10-21 12:12:22.882140909+00:00,AAPL,B,A,1,233.78,400
2024-10-21 12:12:25.936845190+00:00,AAPL,B,A,1,233.82,200
2024-10-21 12:12:28.133772380+00:00,AAPL,B,A,1,233.83,200
2024-10-21 12:12:28.677449361+00:00,AAPL,B,C,1,233.83,200
2024-10-21 12:12:28.677461375+00:00,AAPL,B,A,1,233.78,400
2024-10-21 12:12:31.318823338+00:00,AAPL,A,C,1,234.06,200
2024-10-21 12:12:31.397839079+00:00,AAPL,N,T,0,233.98,50
2024-10-21 12:12:31.425804077+00:00,AAPL,A,A,1,234.07,200
2024-10-21 12:12:31.453857757+00:00,AAPL,B,A,1,233.79,400
2024-10-21 12:12:31.678952187+00:00,AAPL,B,C,2,233.77,28
2024-10-21 12:12:31.679008317+00:00,AAPL,B,A,1,233.82,30
2024-10-21 12:12:31.733377635+00:00,AAPL,B,A,1,233.87,200
2024-10-21 12:12:41.238712131+00:00,AAPL,A,A,1,234.06,200
2024-10-21 12:12:43.651347870+00:00,AAPL,B,C,1,233.87,200
2024-10-21 12:12:43.731132036+00:00,AAPL,B,A,2,233.78,400
2024-10-21 12:12:43.731655758+00:00,AAPL,B,C,1,233.82,30
2024-10-21 12:12:43.731785539+00:00,AAPL,B,A,2,233.76,29
2024-10-21 12:12:46.780372537+00:00,AAPL,B,A,1,233.82,200
2024-10-21 12:12:47.484476304+00:00,AAPL,B,C,1,233.82,200
2024-10-21 12:12:47.484693420+00:00,AAPL,A,A,0,233.99,100
2024-10-21 12:12:47.485023375+00:00,AAPL,A,C,0,233.99,100
2024-10-21 12:12:47.604468075+00:00,AAPL,B,A,1,233.78,400
2024-10-21 12:12:47.736191420+00:00,AAPL,A,A,1,234.06,200
2024-10-21 12:12:48.104146428+00:00,AAPL,A,T,0,233.9,10
2024-10-21 12:12:48.104146428+00:00,AAPL,B,C,0,233.9,10
2024-10-21 12:12:48.104167967+00:00,AAPL,A,A,0,233.98,100
2024-10-21 12:12:48.104178898+00:00,AAPL,B,C,0,233.78,400
2024-10-21 12:12:48.104181225+00:00,AAPL,A,A,0,233.98,100
2024-10-21 12:12:48.104185923+00:00,AAPL,A,C,0,233.98,100
2024-10-21 12:12:48.104190565+00:00,AAPL,A,A,0,233.95,14
2024-10-21 12:12:48.104196514+00:00,AAPL,A,A,0,233.95,16
2024-10-21 12:12:48.104209602+00:00,AAPL,A,A,1,233.98,16
2024-10-21 12:12:48.104217612+00:00,AAPL,A,C,1,233.98,100
2024-10-21 12:12:48.176175311+00:00,AAPL,B,A,1,233.71,27
2024-10-21 12:12:48.176204532+00:00,AAPL,B,C,0,233.76,29
2024-10-21 12:12:48.176852661+00:00,AAPL,B,C,0,233.71,27
2024-10-21 12:12:48.179929431+00:00,AAPL,A,A,4,234.08,29
2024-10-21 12:12:48.179967058+00:00,AAPL,A,C,5,234.13,27
2024-10-21 12:12:48.204254179+00:00,AAPL,A,C,0,233.95,14
2024-10-21 12:12:48.204281167+00:00,AAPL,A,C,1,233.98,16
2024-10-21 12:12:48.213961498+00:00,AAPL,B,A,1,233.67,400
2024-10-21 12:12:48.232970230+00:00,AAPL,A,C,2,234.06,200
2024-10-21 12:12:48.232983049+00:00,AAPL,A,A,2,234.01,200
2024-10-21 12:12:48.247336117+00:00,AAPL,B,C,1,233.67,400
2024-10-21 12:12:48.247348435+00:00,AAPL,B,A,2,233.62,400
2024-10-21 12:12:48.306851049+00:00,AAPL,B,A,0,233.72,400
2024-10-21 12:12:48.347879918+00:00,AAPL,A,C,2,234.01,200
2024-10-21 12:12:48.347893041+00:00,AAPL,A,A,2,234.06,400
2024-10-21 12:12:48.363762750+00:00,AAPL,A,C,0,233.95,16
2024-10-21 12:12:49.107274312+00:00,AAPL,B,C,0,233.72,400
2024-10-21 12:12:49.117556478+00:00,AAPL,B,A,0,233.72,200
2024-10-21 12:12:49.170094147+00:00,AAPL,B,A,3,233.65,28
2024-10-21 12:12:49.179568062+00:00,AAPL,B,A,0,233.72,200
2024-10-21 12:12:50.108656247+00:00,AAPL,B,C,0,233.72,200
2024-10-21 12:12:50.108666090+00:00,AAPL,B,C,0,233.72,200
2024-10-21 12:12:50.212175433+00:00,AAPL,B,A,0,233.72,400
2024-10-21 12:12:50.565304171+00:00,AAPL,B,C,3,233.65,28
2024-10-21 12:12:50.565427767+00:00,AAPL,B,A,1,233.71,26
2024-10-21 12:12:50.565500981+00:00,AAPL,A,C,2,234.08,29
2024-10-21 12:12:50.565554902+00:00,AAPL,A,A,2,234.13,30
2024-10-21 12:12:50.573844808+00:00,AAPL,B,C,0,233.72,200
2024-10-21 12:12:50.619549454+00:00,AAPL,B,C,0,233.72,200
2024-10-21 12:12:50.619562205+00:00,AAPL,A,A,1,234.05,200
2024-10-21 12:12:50.622623771+00:00,AAPL,A,A,1,234.01,200
2024-10-21 12:12:50.641554545+00:00,AAPL,B,A,0,233.77,200
2024-10-21 12:12:50.682363924+00:00,AAPL,A,C,1,234.01,200
2024-10-21 12:12:50.682376586+00:00,AAPL,A,A,1,234.06,400
2024-10-21 12:12:50.736513051+00:00,AAPL,B,C,0,233.77,200
2024-10-21 12:12:50.837707032+00:00,AAPL,B,A,0,233.77,200
2024-10-21 12:12:50.886487788+00:00,AAPL,B,C,0,233.77,200
2024-10-21 12:12:50.986777714+00:00,AAPL,B,A,0,233.77,200
2024-10-21 12:12:51.039337327+00:00,AAPL,B,C,0,233.77,200
2024-10-21 12:12:51.147897247+00:00,AAPL,B,A,0,233.77,200
2024-10-21 12:12:51.221379329+00:00,AAPL,B,C,0,233.77,200
2024-10-21 12:12:51.329937404+00:00,AAPL,B,A,0,233.77,200
2024-10-21 12:12:51.374411634+00:00,AAPL,B,C,0,233.77,200
2024-10-21 12:12:51.475039269+00:00,AAPL,B,A,0,233.77,200
2024-10-21 12:12:51.507076220+00:00,AAPL,B,C,0,233.77,200
2024-10-21 12:12:51.709226597+00:00,AAPL,B,A,0,233.77,200
2024-10-21 12:12:52.481246232+00:00,AAPL,B,C,0,233.77,200
2024-10-21 12:12:52.582845276+00:00,AAPL,B,A,0,233.77,200
2024-10-21 12:12:53.922861024+00:00,AAPL,B,C,1,233.71,26
2024-10-21 12:12:53.922963386+00:00,AAPL,B,A,1,233.76,27
2024-10-21 12:12:59.628865467+00:00,AAPL,B,A,0,233.78,200
2024-10-21 12:12:59.643737494+00:00,AAPL,B,A,1,233.77,26
2024-10-21 12:12:59.691625988+00:00,AAPL,B,C,2,233.76,27
2024-10-21 12:12:59.691649558+00:00,AAPL,B,C,1,233.77,26
2024-10-21 12:12:59.691721965+00:00,AAPL,B,A,1,233.77,26
2024-10-21 12:13:11.883729412+00:00,AAPL,A,C,1,234.06,400
2024-10-21 12:13:11.920609443+00:00,AAPL,A,A,1,234.06,200
2024-10-21 12:13:11.948637105+00:00,AAPL,A,A,1,234.06,200
2024-10-21 12:13:21.542992246+00:00,AAPL,A,C,1,234.06,200
2024-10-21 12:13:21.543002194+00:00,AAPL,A,C,1,234.06,200
2024-10-21 12:13:21.543013145+00:00,AAPL,A,A,1,234.08,400
2024-10-21 12:13:21.617135979+00:00,AAPL,B,C,1,233.77,26
2024-10-21 12:13:21.617220419+00:00,AAPL,B,A,1,233.72,26
2024-10-21 12:13:22.557831797+00:00,AAPL,A,A,1,234.07,400
2024-10-21 12:13:25.371930587+00:00,AAPL,B,A,0,233.79,200
2024-10-21 12:13:25.495542627+00:00,AAPL,B,C,1,233.72,26
2024-10-21 12:13:25.495588580+00:00,AAPL,B,A,1,233.73,27
2024-10-21 12:13:29.150340169+00:00,AAPL,A,A,3,234.15,30
2024-10-21 12:13:29.268636112+00:00,AAPL,A,C,2,234.13,30
2024-10-21 12:13:32.213682828+00:00,AAPL,A,C,1,234.07,400
2024-10-21 12:13:32.213695191+00:00,AAPL,A,A,1,234.09,400
2024-10-21 12:13:32.278804796+00:00,AAPL,B,A,0,233.8,200
2024-10-21 12:13:32.362327800+00:00,AAPL,A,C,3,234.15,30
2024-10-21 12:13:32.401872088+00:00,AAPL,B,C,1,233.73,27
2024-10-21 12:13:32.412631196+00:00,AAPL,A,A,2,234.11,27
2024-10-21 12:13:34.144724456+00:00,AAPL,B,A,0,233.89,100
2024-10-21 12:13:34.145172866+00:00,AAPL,B,C,0,233.89,100
2024-10-21 12:13:34.215278319+00:00,AAPL,A,C,2,234.11,27
2024-10-21 12:13:34.277424242+00:00,AAPL,A,A,1,234.06,200
2024-10-21 12:13:35.061077358+00:00,AAPL,B,A,0,233.81,200
2024-10-21 12:13:35.075174042+00:00,AAPL,B,C,0,233.81,200
2024-10-21 12:13:35.075183720+00:00,AAPL,B,A,0,233.74,200
2024-10-21 12:13:35.077473825+00:00,AAPL,A,C,1,234.06,200
2024-10-21 12:13:35.077485044+00:00,AAPL,A,A,1,234.08,200
2024-10-21 12:13:35.086566953+00:00,AAPL,B,C,0,233.74,200
2024-10-21 12:13:35.086579076+00:00,AAPL,B,A,0,233.72,400
2024-10-21 12:13:35.108095991+00:00,AAPL,N,T,0,233.94,50
2024-10-21 12:13:35.108095991+00:00,AAPL,N,T,0,233.93,50
2024-10-21 12:13:35.108095991+00:00,AAPL,N,T,0,233.9,250
2024-10-21 12:13:35.146372690+00:00,AAPL,B,C,0,233.72,400
2024-10-21 12:13:35.146384339+00:00,AAPL,B,A,0,233.7,200
2024-10-21 12:13:35.167869345+00:00,AAPL,B,C,0,233.7,200
2024-10-21 12:13:35.175791647+00:00,AAPL,B,A,2,233.64,200
2024-10-21 12:13:35.333929432+00:00,AAPL,B,A,2,233.65,200
2024-10-21 12:13:35.352296693+00:00,AAPL,B,A,0,233.7,200
2024-10-21 12:13:35.424351548+00:00,AAPL,B,A,0,233.72,200
2024-10-21 12:13:38.131971887+00:00,AAPL,B,A,0,233.77,200
2024-10-21 12:13:42.509087486+00:00,AAPL,B,A,1,233.76,29
2024-10-21 12:13:42.509120725+00:00,AAPL,A,A,2,234.13,29
2024-10-21 12:13:45.327353906+00:00,AAPL,A,A,1,234.07,200
2024-10-21 12:13:45.348280342+00:00,AAPL,A,C,2,234.13,29
2024-10-21 12:13:45.348322946+00:00,AAPL,A,A,2,234.12,26
2024-10-21 12:13:45.469056600+00:00,AAPL,N,T,0,233.98,18
2024-10-21 12:13:45.811467280+00:00,AAPL,A,C,0,234.0,3
2024-10-21 12:13:45.811467280+00:00,AAPL,B,T,0,234.0,3
2024-10-21 12:13:45.811467280+00:00,AAPL,N,T,0,233.98,77
2024-10-21 12:13:45.811467280+00:00,AAPL,B,T,0,234.0,20
2024-10-21 12:13:45.811476289+00:00,AAPL,A,C,1,234.07,200
2024-10-21 12:13:45.811491355+00:00,AAPL,B,A,0,233.9,100
2024-10-21 12:13:45.811500957+00:00,AAPL,B,A,0,233.92,100
2024-10-21 12:13:45.811510984+00:00,AAPL,B,T,0,234.0,50
2024-10-21 12:13:45.811510984+00:00,AAPL,B,T,0,234.0,27
2024-10-21 12:13:45.811510984+00:00,AAPL,B,T,0,234.0,50
2024-10-21 12:13:45.811510984+00:00,AAPL,B,T,0,234.0,2
2024-10-21 12:13:45.811510984+00:00,AAPL,B,T,0,234.0,1
2024-10-21 12:13:45.811510984+00:00,AAPL,B,T,0,234.0,1
2024-10-21 12:13:45.811510984+00:00,AAPL,A,C,0,234.0,1
2024-10-21 12:13:45.811530148+00:00,AAPL,B,C,1,233.9,100
2024-10-21 12:13:45.811542984+00:00,AAPL,B,A,0,233.96,100
2024-10-21 12:13:45.811544514+00:00,AAPL,B,A,0,233.96,24
2024-10-21 12:13:45.811549682+00:00,AAPL,B,A,1,233.94,100
2024-10-21 12:13:45.811550754+00:00,AAPL,B,A,0,233.96,28
2024-10-21 12:13:45.811554820+00:00,AAPL,B,A,0,233.96,100
2024-10-21 12:13:45.811565809+00:00,AAPL,B,A,0,233.96,100
2024-10-21 12:13:45.811576962+00:00,AAPL,B,A,0,233.96,100
2024-10-21 12:13:45.811587865+00:00,AAPL,B,A,0,233.96,100
2024-10-21 12:13:45.811599315+00:00,AAPL,B,A,1,233.94,100
2024-10-21 12:13:45.811625820+00:00,AAPL,B,C,0,233.96,100
2024-10-21 12:13:45.811631245+00:00,AAPL,N,T,0,234.0,145
2024-10-21 12:13:45.811639570+00:00,AAPL,B,C,1,233.94,100
2024-10-21 12:13:45.811642361+00:00,AAPL,B,C,0,233.96,100
2024-10-21 12:13:45.811656818+00:00,AAPL,B,C,0,233.96,100
2024-10-21 12:13:45.811672313+00:00,AAPL,B,C,0,233.96,100
2024-10-21 12:13:45.811687403+00:00,AAPL,B,C,0,233.96,100
2024-10-21 12:13:45.811702067+00:00,AAPL,B,C,1,233.94,100
2024-10-21 12:13:45.812035805+00:00,AAPL,B,A,3,233.9,100
2024-10-21 12:13:45.812481448+00:00,AAPL,B,C,3,233.9,100
2024-10-21 12:13:45.813014463+00:00,AAPL,N,T,0,234.08,1
2024-10-21 12:13:45.813822327+00:00,AAPL,B,C,2,233.92,100
2024-10-21 12:13:45.885550872+00:00,AAPL,A,C,0,234.12,26
2024-10-21 12:13:45.885603142+00:00,AAPL,A,A,2,234.18,27
2024-10-21 12:13:45.911619430+00:00,AAPL,B,C,0,233.96,24
2024-10-21 12:13:45.911645974+00:00,AAPL,B,C,1,233.93,28
2024-10-21 12:13:45.935267342+00:00,AAPL,B,A,1,233.78,200
2024-10-21 12:13:45.969596688+00:00,AAPL,A,A,0,234.12,200
2024-10-21 12:13:45.972210032+00:00,AAPL,A,C,0,234.12,200
2024-10-21 12:13:45.973580511+00:00,AAPL,A,A,3,234.19,200
2024-10-21 12:13:46.001375930+00:00,AAPL,A,A,3,234.19,200
2024-10-21 12:13:46.030378750+00:00,AAPL,A,C,3,234.19,200
2024-10-21 12:13:46.030391116+00:00,AAPL,A,A,0,234.12,400
2024-10-21 12:13:46.063235483+00:00,AAPL,B,C,0,233.96,28
2024-10-21 12:13:46.072722298+00:00,AAPL,A,C,0,234.12,400
2024-10-21 12:13:46.072745549+00:00,AAPL,A,A,0,234.13,200
2024-10-21 12:13:46.073052339+00:00,AAPL,B,C,1,233.76,29
2024-10-21 12:13:46.073137112+00:00,AAPL,B,A,0,233.81,27
2024-10-21 12:13:46.123324204+00:00,AAPL,B,A,0,233.83,200
2024-10-21 12:13:46.134353286+00:00,AAPL,B,C,0,233.83,200
2024-10-21 12:13:46.134366429+00:00,AAPL,B,A,1,233.78,200
2024-10-21 12:13:46.134809159+00:00,AAPL,B,C,0,233.81,27
2024-10-21 12:13:47.415362307+00:00,AAPL,B,A,1,233.76,27
2024-10-21 12:13:48.136368928+00:00,AAPL,A,C,0,234.13,200
2024-10-21 12:13:48.136382005+00:00,AAPL,A,A,1,234.16,200
2024-10-21 12:13:54.483288659+00:00,AAPL,A,A,1,234.16,200
2024-10-21 12:13:54.519759447+00:00,AAPL,A,C,1,234.16,200
2024-10-21 12:13:54.519772638+00:00,AAPL,A,A,1,234.15,200
2024-10-21 12:13:55.034111535+00:00,AAPL,A,C,3,234.18,27
2024-10-21 12:13:55.034202690+00:00,AAPL,A,A,2,234.17,28
2024-10-21 12:13:56.094538941+00:00,AAPL,B,C,0,233.78,200
2024-10-21 12:13:56.094551306+00:00,AAPL,B,A,0,233.76,200
2024-10-21 12:13:56.154206963+00:00,AAPL,A,A,1,234.15,200
2024-10-21 12:13:56.211718188+00:00,AAPL,A,C,1,234.15,200
2024-10-21 12:13:56.211731379+00:00,AAPL,A,A,1,234.14,200
2024-10-21 12:14:01.070964390+00:00,AAPL,A,C,2,234.17,28
2024-10-21 12:14:01.071015450+00:00,AAPL,A,A,2,234.16,27
2024-10-21 12:14:01.088137086+00:00,AAPL,B,C,0,233.76,27
2024-10-21 12:14:06.103454338+00:00,AAPL,B,A,0,233.97,5
2024-10-21 12:14:07.746740079+00:00,AAPL,B,C,1,233.76,200
2024-10-21 12:14:07.746754069+00:00,AAPL,B,A,1,233.73,200
2024-10-21 12:14:10.801342166+00:00,AAPL,B,A,1,233.8,200
2024-10-21 12:14:17.947438449+00:00,AAPL,B,A,1,233.81,200
2024-10-21 12:14:17.957382887+00:00,AAPL,B,C,1,233.81,200
2024-10-21 12:14:17.957395933+00:00,AAPL,B,A,1,233.74,200
2024-10-21 12:14:17.957453277+00:00,AAPL,A,C,1,234.14,200
2024-10-21 12:14:17.957465815+00:00,AAPL,A,A,1,234.15,200
2024-10-21 12:14:18.056884935+00:00,AAPL,B,A,1,233.75,200
2024-10-21 12:14:21.022254267+00:00,AAPL,B,A,1,233.77,200
2024-10-21 12:14:21.336689135+00:00,AAPL,A,C,1,234.15,200
2024-10-21 12:14:21.336700928+00:00,AAPL,A,A,2,234.17,200
2024-10-21 12:14:21.392627701+00:00,AAPL,B,A,1,233.78,200
2024-10-21 12:14:21.426981432+00:00,AAPL,A,C,1,234.16,27
2024-10-21 12:14:21.740586460+00:00,AAPL,B,A,2,233.76,29
2024-10-21 12:14:21.740617322+00:00,AAPL,A,A,2,234.18,28
2024-10-21 12:14:28.747219089+00:00,AAPL,B,A,1,233.79,200
2024-10-21 12:14:37.348164372+00:00,AAPL,B,C,1,233.79,200
2024-10-21 12:14:37.348177626+00:00,AAPL,B,A,1,233.77,200
2024-10-21 12:14:37.485431160+00:00,AAPL,B,A,1,233.78,200
2024-10-21 12:14:41.549166803+00:00,AAPL,B,C,2,233.76,29
2024-10-21 12:14:41.549212050+00:00,AAPL,B,A,1,233.81,28
2024-10-21 12:14:41.599590898+00:00,AAPL,B,A,1,233.87,200
2024-10-21 12:14:43.205958056+00:00,AAPL,A,A,1,234.16,200
2024-10-21 12:14:49.824694031+00:00,AAPL,A,A,1,234.16,200
2024-10-21 12:14:52.413893215+00:00,AAPL,B,C,1,233.87,200
2024-10-21 12:14:52.413904869+00:00,AAPL,B,A,1,233.85,200
2024-10-21 12:14:52.473339217+00:00,AAPL,A,C,1,234.16,200
2024-10-21 12:14:52.473352225+00:00,AAPL,A,A,1,234.15,200
2024-10-21 12:14:52.474399706+00:00,AAPL,A,C,3,234.18,28
2024-10-21 12:14:52.474453011+00:00,AAPL,A,A,2,234.17,29
2024-10-21 12:14:53.024665699+00:00,AAPL,A,A,1,234.15,200
2024-10-21 12:14:59.069065580+00:00,AAPL,B,A,1,233.86,200
2024-10-21 12:15:05.174000161+00:00,AAPL,A,C,1,234.15,200
2024-10-21 12:15:05.174010189+00:00,AAPL,A,C,1,234.15,200
2024-10-21 12:15:05.174024191+00:00,AAPL,A,A,1,234.16,200
2024-10-21 12:15:08.174665588+00:00,AAPL,A,A,1,234.16,200
2024-10-21 12:15:12.192615974+00:00,AAPL,A,A,0,234.07,100
2024-10-21 12:15:12.193015032+00:00,AAPL,A,C,0,234.07,100
2024-10-21 12:15:12.197769369+00:00,AAPL,A,A,0,234.07,148
2024-10-21 12:15:12.197802997+00:00,AAPL,B,C,1,233.86,200
2024-10-21 12:15:12.201874823+00:00,AAPL,A,C,0,234.07,148
2024-10-21 12:15:12.264450843+00:00,AAPL,B,A,2,233.75,28
2024-10-21 12:15:12.264477828+00:00,AAPL,B,C,1,233.81,28
2024-10-21 12:15:12.268335051+00:00,AAPL,B,A,4,233.63,200
2024-10-21 12:15:12.268635983+00:00,AAPL,B,C,1,233.75,28
2024-10-21 12:15:12.270227323+00:00,AAPL,A,C,2,234.17,29
2024-10-21 12:15:12.270326143+00:00,AAPL,A,A,0,234.12,27
2024-10-21 12:15:12.270365637+00:00,AAPL,A,A,2,234.15,26
2024-10-21 12:15:12.318866641+00:00,AAPL,B,A,3,233.64,200
2024-10-21 12:15:12.318878820+00:00,AAPL,A,C,3,234.16,200
2024-10-21 12:15:12.318890689+00:00,AAPL,A,A,2,234.15,400
2024-10-21 12:15:12.327814809+00:00,AAPL,A,A,0,234.05,200
2024-10-21 12:15:12.391011950+00:00,AAPL,A,C,1,234.12,27
2024-10-21 12:15:12.404688523+00:00,AAPL,B,A,3,233.65,200
2024-10-21 12:15:12.446815675+00:00,AAPL,B,A,2,233.69,200
2024-10-21 12:15:12.518757844+00:00,AAPL,B,A,2,233.69,200
2024-10-21 12:15:12.518889885+00:00,AAPL,A,C,0,234.05,200
2024-10-21 12:15:12.518901713+00:00,AAPL,A,A,0,234.1,400
2024-10-21 12:15:12.521642022+00:00,AAPL,A,C,0,234.1,200
2024-10-21 12:15:12.529592990+00:00,AAPL,B,C,2,233.69,200
2024-10-21 12:15:12.529605412+00:00,AAPL,B,A,1,233.7,400
2024-10-21 12:15:12.575103526+00:00,AAPL,B,A,1,233.87,400
2024-10-21 12:15:12.619373396+00:00,AAPL,A,C,0,234.1,200
2024-10-21 12:15:12.619385902+00:00,AAPL,A,A,1,234.15,200
2024-10-21 12:15:12.655937741+00:00,AAPL,A,C,1,234.15,26
2024-10-21 12:15:12.669684284+00:00,AAPL,B,A,1,233.9,200
2024-10-21 12:15:13.051576352+00:00,AAPL,A,A,3,234.22,30
2024-10-21 12:15:13.051605161+00:00,AAPL,B,A,2,233.85,27
2024-10-21 12:15:13.945967888+00:00,AAPL,A,A,1,234.15,200
2024-10-21 12:15:13.946489728+00:00,AAPL,A,C,3,234.22,30
2024-10-21 12:15:13.946532120+00:00,AAPL,A,A,2,234.17,27
2024-10-21 12:15:14.001009338+00:00,AAPL,A,C,1,234.15,200
2024-10-21 12:15:14.001022189+00:00,AAPL,A,A,0,234.1,400
2024-10-21 12:15:14.207183672+00:00,AAPL,B,A,1,233.9,100
2024-10-21 12:15:14.207479344+00:00,AAPL,B,C,1,233.9,100
2024-10-21 12:15:14.278377067+00:00,AAPL,A,C,0,234.1,200
2024-10-21 12:15:14.278559734+00:00,AAPL,A,C,0,234.1,200
2024-10-21 12:15:14.278572418+00:00,AAPL,A,A,1,234.16,200
2024-10-21 12:15:14.278970387+00:00,AAPL,A,C,2,234.17,27
2024-10-21 12:15:14.280591359+00:00,AAPL,A,A,1,234.16,200
2024-10-21 12:15:15.248901194+00:00,AAPL,A,C,1,234.16,200
2024-10-21 12:15:15.248912868+00:00,AAPL,A,A,1,234.15,400
2024-10-21 12:15:17.923034484+00:00,AAPL,A,A,3,234.22,27
2024-10-21 12:15:24.014190176+00:00,AAPL,B,C,1,233.9,200
2024-10-21 12:15:24.014202142+00:00,AAPL,B,A,1,233.87,400
2024-10-21 12:15:24.014850794+00:00,AAPL,B,C,2,233.85,27
2024-10-21 12:15:24.014897264+00:00,AAPL,B,A,2,233.79,29
2024-10-21 12:15:24.015005588+00:00,AAPL,A,C,3,234.22,27
2024-10-21 12:15:24.015059897+00:00,AAPL,A,A,2,234.17,30
2024-10-21 12:15:24.066509814+00:00,AAPL,A,A,0,234.1,200
2024-10-21 12:15:27.519238798+00:00,AAPL,B,C,1,233.87,400
2024-10-21 12:15:27.519251700+00:00,AAPL,B,A,1,233.84,200
2024-10-21 12:15:29.175215826+00:00,AAPL,N,A,0,233.95,295
2024-10-21 12:15:29.175215826+00:00,AAPL,A,T,0,233.97,5
2024-10-21 12:15:29.175239385+00:00,AAPL,A,A,1,234.07,100
2024-10-21 12:15:29.175244705+00:00,AAPL,A,A,1,234.04,38
2024-10-21 12:15:29.175252395+00:00,AAPL,A,A,2,234.07,100
2024-10-21 12:15:29.175261243+00:00,AAPL,B,T,0,233.95,187
2024-10-21 12:15:29.175261243+00:00,AAPL,A,C,0,233.95,187
2024-10-21 12:15:29.175265540+00:00,AAPL,A,A,1,234.04,38
2024-10-21 12:15:29.175269965+00:00,AAPL,B,T,0,233.95,108
2024-10-21 12:15:29.175269965+00:00,AAPL,A,C,0,233.95,108
2024-10-21 12:15:29.175287761+00:00,AAPL,A,C,1,234.07,100
2024-10-21 12:15:29.175293157+00:00,AAPL,A,C,0,234.04,38
2024-10-21 12:15:29.175298862+00:00,AAPL,A,C,1,234.07,100
2024-10-21 12:15:29.175307953+00:00,AAPL,A,A,1,234.08,38
2024-10-21 12:15:29.175318339+00:00,AAPL,A,C,2,234.1,200
2024-10-21 12:15:29.175376083+00:00,AAPL,B,A,0,233.89,38
2024-10-21 12:15:29.175388906+00:00,AAPL,B,A,1,233.86,38
2024-10-21 12:15:29.246390784+00:00,AAPL,B,C,2,233.84,200
2024-10-21 12:15:29.246423576+00:00,AAPL,B,A,3,233.76,400
2024-10-21 12:15:29.246816914+00:00,AAPL,B,C,2,233.79,29
2024-10-21 12:15:29.246910849+00:00,AAPL,B,A,3,233.74,28
2024-10-21 12:15:29.283764753+00:00,AAPL,A,C,1,234.08,38
2024-10-21 12:15:29.283775550+00:00,AAPL,B,C,1,233.86,38
2024-10-21 12:15:29.283823523+00:00,AAPL,A,A,1,234.1,400
2024-10-21 12:15:29.425332139+00:00,AAPL,A,C,0,234.04,38
2024-10-21 12:15:29.425342648+00:00,AAPL,B,C,0,233.89,38
2024-10-21 12:15:29.496494580+00:00,AAPL,B,C,0,233.76,200
2024-10-21 12:15:38.712816410+00:00,AAPL,A,C,0,234.1,200
2024-10-21 12:15:38.816614723+00:00,AAPL,A,A,0,234.1,200
2024-10-21 12:15:39.207080252+00:00,AAPL,A,A,0,234.0,22
2024-10-21 12:15:39.207103673+00:00,AAPL,B,C,0,233.76,200
2024-10-21 12:15:39.207167970+00:00,AAPL,A,C,1,234.1,200
2024-10-21 12:15:39.207241805+00:00,AAPL,A,C,1,234.1,200
2024-10-21 12:15:39.207535631+00:00,AAPL,A,C,0,234.0,22
2024-10-21 12:15:39.274707573+00:00,AAPL,B,C,0,233.74,28
2024-10-21 12:15:39.274794258+00:00,AAPL,B,A,1,233.69,28
2024-10-21 12:15:39.314122970+00:00,AAPL,B,A,0,233.76,200
2024-10-21 12:15:39.314137186+00:00,AAPL,A,A,0,234.1,400
2024-10-21 12:15:40.360537773+00:00,AAPL,A,C,0,234.1,400
2024-10-21 12:15:40.360548894+00:00,AAPL,A,A,1,234.15,400
2024-10-21 12:15:40.361097351+00:00,AAPL,A,C,2,234.17,30
2024-10-21 12:15:40.361146693+00:00,AAPL,A,A,3,234.22,27
2024-10-21 12:15:43.400846263+00:00,AAPL,B,C,0,233.76,200
2024-10-21 12:15:43.400859035+00:00,AAPL,B,A,0,233.74,200
2024-10-21 12:15:43.425405296+00:00,AAPL,A,C,3,234.22,27
2024-10-21 12:15:43.425456541+00:00,AAPL,A,A,3,234.21,26
2024-10-21 12:15:43.454335483+00:00,AAPL,A,A,1,234.14,400
2024-10-21 12:15:43.462325554+00:00,AAPL,A,A,0,234.13,400
2024-10-21 12:15:43.490467184+00:00,AAPL,B,A,3,233.66,30
2024-10-21 12:15:43.546099003+00:00,AAPL,B,C,2,233.69,28
2024-10-21 12:15:43.594813115+00:00,AAPL,A,A,0,234.12,200
2024-10-21 12:15:43.981284269+00:00,AAPL,A,A,3,234.19,28
2024-10-21 12:15:43.981579878+00:00,AAPL,A,C,4,234.21,26
2024-10-21 12:15:46.504444030+00:00,AAPL,B,C,0,233.74,200
2024-10-21 12:15:46.504456348+00:00,AAPL,B,A,0,233.73,200
2024-10-21 12:15:46.504469490+00:00,AAPL,A,A,0,234.12,200
2024-10-21 12:15:46.593690522+00:00,AAPL,A,A,3,234.18,30
2024-10-21 12:15:46.594059334+00:00,AAPL,A,C,4,234.19,28
2024-10-21 12:15:50.469736889+00:00,AAPL,A,C,0,234.12,200
2024-10-21 12:15:55.593458354+00:00,AAPL,B,C,2,233.66,30
2024-10-21 12:15:55.593967834+00:00,AAPL,B,A,1,233.71,29
2024-10-21 12:15:55.643523614+00:00,AAPL,B,A,0,233.77,200
2024-10-21 12:16:00.253343668+00:00,AAPL,A,A,0,234.11,200
2024-10-21 12:16:02.523121028+00:00,AAPL,B,C,0,233.77,200
2024-10-21 12:16:02.523132984+00:00,AAPL,B,A,0,233.76,200
2024-10-21 12:16:02.592915859+00:00,AAPL,A,A,2,234.17,27
2024-10-21 12:16:02.697358278+00:00,AAPL,A,C,3,234.18,30
2024-10-21 12:16:04.305690771+00:00,AAPL,B,A,0,233.77,200
2024-10-21 12:16:08.452195034+00:00,AAPL,B,C,0,233.77,200
2024-10-21 12:16:08.452206841+00:00,AAPL,B,A,0,233.76,200
2024-10-21 12:16:09.449805017+00:00,AAPL,B,C,1,233.71,29
2024-10-21 12:16:09.449860480+00:00,AAPL,B,A,2,233.69,30
2024-10-21 12:16:09.753811454+00:00,AAPL,B,C,0,233.76,200
2024-10-21 12:16:09.753823460+00:00,AAPL,B,A,0,233.74,200
2024-10-21 12:16:09.794081348+00:00,AAPL,A,A,0,234.1,200
2024-10-21 12:16:09.813020869+00:00,AAPL,B,A,0,233.75,200
2024-10-21 12:16:10.366504475+00:00,AAPL,A,A,0,234.09,200
2024-10-21 12:16:10.387079865+00:00,AAPL,A,C,2,234.17,27
2024-10-21 12:16:10.387136109+00:00,AAPL,A,A,2,234.16,29
2024-10-21 12:16:12.011021598+00:00,AAPL,A,C,0,234.09,200
2024-10-21 12:16:12.011034600+00:00,AAPL,A,A,0,234.11,200
2024-10-21 12:16:12.100581387+00:00,AAPL,A,A,0,234.1,200
2024-10-21 12:16:13.573710917+00:00,AAPL,A,A,0,234.09,200
2024-10-21 12:16:14.439151195+00:00,AAPL,A,C,0,234.09,200
2024-10-21 12:16:14.439163159+00:00,AAPL,A,A,0,234.1,200
2024-10-21 12:16:14.647213365+00:00,AAPL,A,A,0,234.09,200
2024-10-21 12:16:20.281774908+00:00,AAPL,B,C,0,233.75,200
2024-10-21 12:16:20.281786576+00:00,AAPL,B,A,0,233.73,200
2024-10-21 12:16:20.339168043+00:00,AAPL,B,A,0,233.74,200
2024-10-21 12:16:20.352089791+00:00,AAPL,B,A,0,233.74,200
2024-10-21 12:16:20.353055730+00:00,AAPL,B,C,0,233.74,200
2024-10-21 12:16:20.448469192+00:00,AAPL,A,A,0,234.08,200
2024-10-21 12:16:34.456311187+00:00,AAPL,A,C,2,234.16,29
2024-10-21 12:16:34.456367935+00:00,AAPL,A,A,2,234.15,30
2024-10-21 12:16:35.928124957+00:00,AAPL,B,C,2,233.69,30
2024-10-21 12:16:35.928176126+00:00,AAPL,B,A,2,233.67,28
2024-10-21 12:16:36.290091431+00:00,AAPL,A,A,1,234.1,100
2024-10-21 12:16:37.672726079+00:00,AAPL,B,C,2,233.67,28
2024-10-21 12:16:37.672903531+00:00,AAPL,B,A,2,233.68,27
2024-10-21 12:16:41.310907658+00:00,AAPL,B,C,0,233.74,200
2024-10-21 12:16:41.310921026+00:00,AAPL,B,A,1,233.69,200
2024-10-21 12:16:42.498007357+00:00,AAPL,A,A,5,234.25,100
2024-10-21 12:16:44.366509790+00:00,AAPL,B,A,0,233.74,200
2024-10-21 12:16:44.533794596+00:00,AAPL,A,A,0,233.9,18
2024-10-21 12:16:44.802532155+00:00,AAPL,A,C,4,234.15,30
2024-10-21 12:16:44.802578420+00:00,AAPL,A,A,3,234.11,27
2024-10-21 12:16:47.612239006+00:00,AAPL,A,A,1,234.08,200
2024-10-21 12:16:47.666876898+00:00,AAPL,A,C,1,234.08,200
2024-10-21 12:16:47.666890051+00:00,AAPL,A,A,1,234.04,200
2024-10-21 12:16:47.926797838+00:00,AAPL,B,C,0,233.74,200
2024-10-21 12:16:47.926810269+00:00,AAPL,B,A,1,233.68,200
2024-10-21 12:16:48.065603630+00:00,AAPL,A,C,3,234.11,27
2024-10-21 12:16:48.065661214+00:00,AAPL,A,A,2,234.06,29
2024-10-21 12:16:48.122967378+00:00,AAPL,A,A,1,234.01,200
2024-10-21 12:16:48.228366485+00:00,AAPL,A,A,1,234.01,200
2024-10-21 12:16:48.283159712+00:00,AAPL,A,C,1,234.01,200
2024-10-21 12:16:48.283173265+00:00,AAPL,A,A,1,233.98,200
2024-10-21 12:16:49.563776410+00:00,AAPL,A,C,0,233.9,18
2024-10-21 12:16:49.564755651+00:00,AAPL,B,C,1,233.68,200
2024-10-21 12:16:49.635124163+00:00,AAPL,A,C,0,233.98,200
2024-10-21 12:16:49.635136826+00:00,AAPL,A,A,0,234.04,400
2024-10-21 12:16:49.635541646+00:00,AAPL,A,C,1,234.06,29
2024-10-21 12:16:49.635636984+00:00,AAPL,A,A,2,234.11,29
2024-10-21 12:16:49.669495875+00:00,AAPL,B,A,1,233.68,200
2024-10-21 12:16:49.706243840+00:00,AAPL,A,C,0,234.04,200
2024-10-21 12:16:49.706441749+00:00,AAPL,A,C,0,234.04,200
2024-10-21 12:16:49.706453582+00:00,AAPL,A,A,0,234.09,200
2024-10-21 12:16:49.707051448+00:00,AAPL,A,C,2,234.11,29
2024-10-21 12:16:49.709446277+00:00,AAPL,A,A,0,234.09,200
2024-10-21 12:16:50.277262708+00:00,AAPL,B,C,1,233.68,27
2024-10-21 12:16:50.277350058+00:00,AAPL,A,A,3,234.17,27
2024-10-21 12:16:50.277381197+00:00,AAPL,B,A,1,233.69,27
2024-10-21 12:16:50.981459165+00:00,AAPL,B,A,0,233.7,200
2024-10-21 12:16:51.768772781+00:00,AAPL,B,A,0,233.85,141
2024-10-21 12:16:54.799759269+00:00,AAPL,N,T,0,233.86,13
2024-10-21 12:16:54.862528040+00:00,AAPL,A,C,3,234.17,27
2024-10-21 12:16:54.862652964+00:00,AAPL,A,A,3,234.16,30
2024-10-21 12:17:02.456505763+00:00,AAPL,A,C,0,234.09,200
2024-10-21 12:17:02.456518211+00:00,AAPL,A,A,0,234.08,400
2024-10-21 12:17:02.692703742+00:00,AAPL,B,A,1,233.7,200
2024-10-21 12:17:02.695735412+00:00,AAPL,B,A,1,233.73,27
2024-10-21 12:17:02.695762734+00:00,AAPL,B,C,3,233.69,27
2024-10-21 12:17:02.743941560+00:00,AAPL,B,C,2,233.7,200
2024-10-21 12:17:02.743954174+00:00,AAPL,B,A,1,233.77,200
2024-10-21 12:17:04.308725875+00:00,AAPL,A,C,3,234.16,30
2024-10-21 12:17:04.308776780+00:00,AAPL,A,A,3,234.15,26
2024-10-21 12:17:06.048294911+00:00,AAPL,B,C,1,233.77,200
2024-10-21 12:17:06.048308319+00:00,AAPL,B,A,1,233.74,200
2024-10-21 12:17:07.403868087+00:00,AAPL,B,A,1,233.74,200
2024-10-21 12:17:07.458672320+00:00,AAPL,B,C,1,233.74,200
2024-10-21 12:17:07.458684918+00:00,AAPL,B,A,1,233.77,200
2024-10-21 12:17:10.980069944+00:00,AAPL,B,C,1,233.77,200
2024-10-21 12:17:10.980083268+00:00,AAPL,B,A,1,233.74,200
2024-10-21 12:17:16.046891679+00:00,AAPL,B,A,1,233.74,200
2024-10-21 12:17:16.101320234+00:00,AAPL,B,C,1,233.74,200
2024-10-21 12:17:16.101332500+00:00,AAPL,B,A,1,233.77,200
2024-10-21 12:17:18.814227520+00:00,AAPL,B,A,0,233.9,10
2024-10-21 12:17:20.656823195+00:00,AAPL,B,C,2,233.77,200
2024-10-21 12:17:20.662283454+00:00,AAPL,A,A,0,234.05,100
2024-10-21 12:17:20.662744252+00:00,AAPL,A,C,0,234.05,100
2024-10-21 12:17:20.719761250+00:00,AAPL,A,C,0,234.08,200
2024-10-21 12:17:20.762539880+00:00,AAPL,B,A,2,233.77,200
2024-10-21 12:17:21.078904005+00:00,AAPL,B,A,2,233.77,200
2024-10-21 12:17:21.133609901+00:00,AAPL,B,C,2,233.77,200
2024-10-21 12:17:21.133623109+00:00,AAPL,B,A,2,233.8,400
2024-10-21 12:17:21.840211165+00:00,AAPL,A,C,0,234.08,200
2024-10-21 12:17:21.840224418+00:00,AAPL,A,A,2,234.14,200
2024-10-21 12:17:22.072304747+00:00,AAPL,A,A,1,234.13,200
2024-10-21 12:17:22.085707892+00:00,AAPL,A,A,0,234.0,50
2024-10-21 12:17:24.840366131+00:00,AAPL,A,A,2,234.13,200
2024-10-21 12:17:24.840795392+00:00,AAPL,A,A,1,234.1,28
2024-10-21 12:17:24.840821231+00:00,AAPL,A,C,3,234.15,26
2024-10-21 12:17:24.896015668+00:00,AAPL,A,C,2,234.13,200
2024-10-21 12:17:24.896030774+00:00,AAPL,A,A,1,234.04,200
2024-10-21 12:17:26.219727754+00:00,AAPL,A,C,2,234.1,28
2024-10-21 12:17:26.219824269+00:00,AAPL,A,A,2,234.09,27
2024-10-21 12:17:26.286945437+00:00,AAPL,A,A,1,234.03,200
2024-10-21 12:17:30.761645371+00:00,AAPL,A,C,1,234.03,200
2024-10-21 12:17:30.761657680+00:00,AAPL,A,A,1,234.08,200
2024-10-21 12:17:30.762940179+00:00,AAPL,A,A,1,234.08,200
2024-10-21 12:17:30.764592400+00:00,AAPL,A,C,2,234.09,27
2024-10-21 12:17:30.764692359+00:00,AAPL,A,A,4,234.15,29
2024-10-21 12:17:33.378283593+00:00,AAPL,B,C,2,233.8,400
2024-10-21 12:17:33.378297030+00:00,AAPL,B,A,2,233.77,200
2024-10-21 12:17:33.764809990+00:00,AAPL,A,A,2,234.09,29
2024-10-21 12:17:33.764834502+00:00,AAPL,A,C,5,234.15,29
2024-10-21 12:17:33.822822391+00:00,AAPL,A,C,1,234.08,200
2024-10-21 12:17:33.822835795+00:00,AAPL,A,A,1,234.03,200
2024-10-21 12:17:35.461400679+00:00,AAPL,A,C,1,234.03,200
2024-10-21 12:17:35.461412055+00:00,AAPL,A,A,1,234.08,400
2024-10-21 12:17:35.469991264+00:00,AAPL,A,C,2,234.09,29
2024-10-21 12:17:35.470045707+00:00,AAPL,A,A,4,234.15,28
2024-10-21 12:17:37.663629357+00:00,AAPL,B,A,2,233.77,200
2024-10-21 12:17:37.718594298+00:00,AAPL,B,C,2,233.77,200
2024-10-21 12:17:37.718605853+00:00,AAPL,B,A,2,233.8,400
2024-10-21 12:17:38.521127910+00:00,AAPL,A,A,1,234.04,200
2024-10-21 12:17:39.973547435+00:00,AAPL,A,C,4,234.15,28
2024-10-21 12:17:39.973585910+00:00,AAPL,A,A,2,234.1,27
2024-10-21 12:17:47.135873221+00:00,AAPL,A,T,0,233.9,10
2024-10-21 12:17:47.135873221+00:00,AAPL,A,T,0,233.85,141
2024-10-21 12:17:47.135873221+00:00,AAPL,N,T,0,233.85,50
2024-10-21 12:17:47.135900626+00:00,AAPL,A,A,0,233.98,100
2024-10-21 12:17:47.135905168+00:00,AAPL,A,A,0,233.97,100
2024-10-21 12:17:47.135906292+00:00,AAPL,A,A,0,233.95,162
2024-10-21 12:17:47.135913885+00:00,AAPL,A,A,0,233.92,100
2024-10-21 12:17:47.135916592+00:00,AAPL,A,A,3,233.98,100
2024-10-21 12:17:47.135925594+00:00,AAPL,A,A,2,233.97,100
2024-10-21 12:17:47.135933669+00:00,AAPL,A,A,1,233.93,35
2024-10-21 12:17:47.135937314+00:00,AAPL,A,C,4,233.98,100
2024-10-21 12:17:47.135940686+00:00,AAPL,A,A,3,233.97,100
2024-10-21 12:17:47.135946914+00:00,AAPL,A,A,0,233.97,35
2024-10-21 12:17:47.135952535+00:00,AAPL,A,C,3,233.98,100
2024-10-21 12:17:47.135958456+00:00,AAPL,B,C,0,233.8,400
2024-10-21 12:17:47.135968023+00:00,AAPL,A,C,1,233.95,162
2024-10-21 12:17:47.136008874+00:00,AAPL,A,C,1,233.97,100
2024-10-21 12:17:47.136054541+00:00,AAPL,A,C,1,233.97,100
2024-10-21 12:17:47.136218636+00:00,AAPL,A,C,1,233.97,100
2024-10-21 12:17:47.136225295+00:00,AAPL,A,C,1,233.97,100
2024-10-21 12:17:47.136565013+00:00,AAPL,A,A,0,233.92,100
2024-10-21 12:17:47.137037920+00:00,AAPL,A,C,0,233.92,100
2024-10-21 12:17:47.156890091+00:00,AAPL,B,A,0,233.8,200
2024-10-21 12:17:47.189701537+00:00,AAPL,B,A,0,233.8,200
2024-10-21 12:17:47.200038724+00:00,AAPL,B,C,0,233.8,200
2024-10-21 12:17:47.200048226+00:00,AAPL,B,C,0,233.8,200
2024-10-21 12:17:47.200058794+00:00,AAPL,B,A,2,233.69,400
2024-10-21 12:17:47.203657195+00:00,AAPL,B,C,0,233.73,27
2024-10-21 12:17:47.203729908+00:00,AAPL,B,A,2,233.67,28
2024-10-21 12:17:47.207076580+00:00,AAPL,B,C,1,233.69,400
2024-10-21 12:17:47.240037346+00:00,AAPL,B,A,1,233.68,200
2024-10-21 12:17:47.240066169+00:00,AAPL,A,C,1,233.97,35
2024-10-21 12:17:47.260085243+00:00,AAPL,A,A,2,234.03,200
2024-10-21 12:17:47.386463721+00:00,AAPL,A,C,0,233.93,35
2024-10-21 12:17:57.663911195+00:00,AAPL,A,C,2,234.1,27
2024-10-21 12:17:57.664016909+00:00,AAPL,A,A,2,234.09,28
2024-10-21 12:17:57.861764830+00:00,AAPL,A,C,1,234.03,200
2024-10-21 12:17:57.861778012+00:00,AAPL,A,A,1,234.05,200
2024-10-21 12:17:57.861832789+00:00,AAPL,A,C,1,234.05,200
2024-10-21 12:17:57.861881332+00:00,AAPL,A,A,1,234.08,400
2024-10-21 12:17:57.862245512+00:00,AAPL,A,C,2,234.09,28
2024-10-21 12:17:57.917042270+00:00,AAPL,A,A,1,234.06,200
2024-10-21 12:17:58.077227750+00:00,AAPL,A,A,1,234.03,200
2024-10-21 12:18:00.232353557+00:00,AAPL,A,A,2,234.1,29
2024-10-21 12:18:00.862130755+00:00,AAPL,A,A,1,234.03,200
2024-10-21 12:18:01.682081842+00:00,AAPL,A,C,1,234.03,200
2024-10-21 12:18:01.684033789+00:00,AAPL,A,C,1,234.03,200
2024-10-21 12:18:01.684046790+00:00,AAPL,A,A,1,234.06,200
2024-10-21 12:18:02.545068859+00:00,AAPL,A,A,1,234.05,200
2024-10-21 12:18:03.624100762+00:00,AAPL,A,C,1,234.05,200
2024-10-21 12:18:03.624112266+00:00,AAPL,A,A,1,234.07,200
2024-10-21 12:18:03.629412395+00:00,AAPL,B,C,2,233.67,28
2024-10-21 12:18:03.629498033+00:00,AAPL,B,A,1,233.68,26
2024-10-21 12:18:03.696618449+00:00,AAPL,B,A,1,233.69,200
2024-10-21 12:18:04.737516809+00:00,AAPL,A,A,1,234.04,200
2024-10-21 12:18:05.203361341+00:00,AAPL,A,C,1,234.04,200
2024-10-21 12:18:05.203373864+00:00,AAPL,A,A,1,234.07,200
2024-10-21 12:18:08.259009052+00:00,AAPL,A,A,1,234.04,200
2024-10-21 12:18:08.926535769+00:00,AAPL,A,C,1,234.04,200
2024-10-21 12:18:08.926548505+00:00,AAPL,A,A,1,234.07,200
2024-10-21 12:18:10.662438649+00:00,AAPL,A,A,1,234.04,200
2024-10-21 12:18:11.927260518+00:00,AAPL,A,A,1,234.04,200
2024-10-21 12:18:20.285727761+00:00,AAPL,A,C,2,234.1,29
2024-10-21 12:18:20.285772241+00:00,AAPL,A,A,2,234.05,27
2024-10-21 12:18:20.342095696+00:00,AAPL,A,C,1,234.04,200
2024-10-21 12:18:20.342109232+00:00,AAPL,A,A,0,233.99,200
2024-10-21 12:18:30.059494751+00:00,AAPL,A,A,0,233.98,200
2024-10-21 12:18:30.076519305+00:00,AAPL,A,A,0,233.97,200
